1923 3104
951 86 980 129 6

211 214 410 256 vertendo
441 213 670 269 explicasse
699 216 772 254 aut
802 212 1006 255 imitatum
1044 213 1173 255 fuisse
1207 212 1371 255 indiciis
1399 212 1547 256 multis
1575 213 1723 269 proba-

210 287 288 324 tur.
351 281 469 334 Quod
498 280 606 323 unde
637 280 817 323 evenerit
846 280 1010 323 omnino
1043 295 1125 324 non
1146 285 1210 323 est
1238 281 1432 337 ignotum.
1492 279 1581 323 Illis
1611 280 1721 322 enim

211 351 470 406 temporibus
501 363 674 405 quorum
704 350 883 391 rationes
913 364 961 391 ex
999 355 1116 405 parte
1144 350 1229 391 iam
1258 363 1382 404 supra
1408 349 1720 401 illustravimus,

211 434 305 462 cum
336 419 512 462 Romani
543 423 583 461 et
623 417 910 473 frequentibus
945 417 1160 460 itineribus
1196 418 1239 460 in
1272 417 1484 460 Graeciam
1520 417 1638 460 factis
1681 422 1722 460 et

213 502 415 530 concursu
444 487 660 529 hominum
689 487 895 528 nobilium
936 490 976 528 et
1019 486 1293 528 litteratorum
1336 486 1521 528 indidem
1549 486 1722 528 Romam

214 557 257 599 in
288 556 375 598 dies
414 560 615 598 crescente
654 555 841 597 notitiam
885 554 1129 597 Graecarum
1172 554 1401 597 litterarum
1437 554 1722 597 accuratiorem

212 625 291 667 sibi
322 637 553 679 comparare
584 626 825 680 coepissent,
858 623 957 678 quid
977 623 1126 664 mirum
1148 627 1233 664 erat
1252 623 1361 677 quod
1381 623 1517 665 minus
1538 627 1721 665 veterum

211 707 335 747 quam
364 692 631 734 recentiorum
663 693 908 748 scriptorum
938 705 1042 747 quos
1062 691 1364 734 Alexandrinos
1395 692 1601 748 appellare
1631 706 1721 734 con-

217 761 430 804 suevimus
462 760 715 817 exemplaria
752 761 794 802 in
836 774 981 803 manus
1023 774 1165 802 eorum
1203 760 1459 802 inciderunt?
1518 762 1650 812 Quare
1678 764 1724 802 ut

210 831 320 887 apud
352 829 524 872 Graecos
555 834 652 871 tunc
683 829 863 871 carmina
893 829 1006 885 epica
1035 833 1077 871 et
1106 829 1284 884 elegiaca
1311 833 1521 885 poetarum
1551 829 1723 871 Alexan-

209 899 418 941 drinorum
448 898 714 954 potissimum
744 898 786 939 in
816 912 895 939 usu
924 903 1052 950 erant,
1082 898 1141 940 ita
1170 898 1294 940 etiam
1324 898 1499 939 Romani
1528 898 1628 939 haec
1657 912 1721 952 ge-

208 982 309 1010 nera
338 967 474 1023 poesis
506 970 638 1008 aetate
669 966 872 1009 Ciceronis
904 970 944 1008 et
972 967 1156 1009 Caesaris
1193 966 1374 1008 studiose
1413 966 1653 1009 lectitabant
1682 969 1724 1008 et

207 1036 489 1079 imitabantur.
499 1035 531 1090 ¹)
590 1035 638 1076 In
668 1035 814 1090 primis
846 1039 985 1077 autem
1016 1039 1132 1077 erant
1161 1035 1305 1076 horum
1332 1034 1523 1088 aequales
1544 1035 1722 1076 minores

213 1103 286 1158 qui
317 1103 496 1145 carmina
525 1102 725 1157 quaedam
756 1103 923 1144 illorum
953 1103 1198 1144 Graecorum
1238 1108 1310 1144 aut
1343 1103 1386 1143 in
1414 1102 1610 1144 Latinum
1640 1115 1722 1143 ser-

206 1186 375 1214 monem
405 1175 691 1213 converterent
734 1176 806 1213 aut
837 1170 1014 1227 vestigia
1043 1184 1183 1213 eorum
1213 1170 1332 1213 anxie
1362 1175 1592 1226 prementes
1623 1170 1722 1225 quid
1788 1176 1792 1180 '

209 1255 285 1282 sua
323 1241 497 1295 quisque
540 1239 697 1292 ingenii
737 1240 929 1281 facultate
967 1244 1105 1295 posset
1142 1240 1438 1295 experirentur,
1480 1239 1539 1280 ita
1569 1240 1723 1281 scilicet

210 1311 259 1350 ut
288 1314 376 1350 tam
409 1321 460 1348 ex
489 1312 687 1365 apparatu
724 1323 861 1351 rerum
899 1308 1255 1365 geographicarum
1293 1312 1332 1351 et
1360 1307 1724 1364 mythologicarum

210 1376 543 1432 splendidissimo
576 1390 698 1430 quam
727 1391 777 1418 ex
807 1377 1005 1419 orationis
1025 1377 1245 1419 insolentia
1264 1391 1539 1431 versuumque
1565 1377 1722 1418 ratione

206 1444 442 1495 artificiosa,
475 1444 627 1499 quibus
657 1447 787 1488 rebus
818 1446 1008 1489 omnibus
1038 1445 1342 1488 Alexandrinae
1371 1445 1505 1501 poesis
1536 1445 1724 1501 exempla

206 1513 329 1554 nimis
360 1514 577 1555 obscurata
607 1518 737 1564 erant,
770 1527 881 1556 more
912 1514 1048 1570 apium
1070 1514 1210 1556 sedulo
1231 1514 1311 1555 mel
1332 1514 1566 1569 colligerent
1594 1527 1723 1568 eoque

210 1581 394 1623 carmina
424 1582 562 1638 paucis
602 1582 783 1638 exceptis
821 1587 892 1625 aut
921 1587 1180 1639 praematura
1209 1588 1281 1625 aut
1310 1583 1529 1624 immatura
1558 1582 1722 1636 conglu-

208 1650 386 1692 tinarent
418 1651 486 1705 (cf.
518 1651 768 1694 Ribbeckius
800 1652 828 1695 l.
856 1667 895 1694 n.
926 1667 967 1708 p.
992 1654 1044 1695 13
1074 1653 1167 1707 sq.).
1214 1652 1351 1705 Atque
1381 1652 1485 1692 hanc
1516 1651 1580 1692 sui
1622 1657 1722 1693 tem-

208 1719 324 1775 poris
355 1720 692 1762 consuetudinem
734 1726 894 1777 praeter
936 1720 1040 1763 alios
1085 1734 1257 1775 quorum
1300 1720 1464 1762 nomina
1502 1734 1551 1761 ex
1583 1719 1722 1762 Ovidii

207 1788 298 1830 loco
322 1788 519 1830 Tristium
549 1790 631 1831 iam
661 1790 875 1832 attulimus
906 1789 1059 1845 quique
1090 1789 1291 1831 familiam
1321 1788 1523 1843 quandam
1554 1789 1723 1831 efficien-

206 1861 270 1899 tes
300 1857 465 1899 nomine
496 1858 767 1910 ,‚doctorum“
798 1872 823 1899 a
851 1872 934 1900 non
962 1858 1085 1900 nullis
1107 1858 1474 1913 designabantur‚2)
1507 1858 1627 1900 etiam
1650 1857 1722 1899 Ca-

206 1926 336 1968 tullus
368 1931 532 1968 secutus
574 1932 637 1968 est
671 1927 712 1968 in
745 1927 946 1982 plerisque
977 1928 1231 1969 carminibus
1263 1926 1451 1980 elegiacis
1491 1926 1641 1982 partim
1670 1926 1722 1967 ad
1790 1924 1796 1930 ’

204 1994 452 2051 exemplaria
480 1995 720 2036 Callimachi
764 1995 983 2038 elaboratis
1022 1996 1171 2051 partim
1201 2010 1251 2037 ex
1281 1995 1430 2037 iisdem
1462 1995 1605 2037 Latine
1634 1986 1714 2037 ‘ex-

206 2064 387 2119 pressis:
435 2064 478 2105 id
529 2055 637 2118 quod
688 2064 905 2120 praecipue
955 2064 1064 2106 cadit
1115 2065 1157 2106 in
1205 2078 1361 2106 comam
1412 2064 1625 2105 Berenices
1670 2063 1722 2105 ad

209 2132 473 2175 Hortensium
522 2136 724 2174 oratorem
774 2133 954 2175 missam.
1023 2133 1209 2176 Forsitan
1254 2133 1334 2175 huc
1379 2133 1502 2174 etiam
1547 2132 1723 2188 pertinet

210 2201 395 2257 epyllion
443 2202 551 2243 illud
603 2201 654 2243 de
701 2201 857 2256 nuptiis
905 2202 1018 2243 Pelei
1067 2207 1108 2244 et
1155 2201 1360 2252 Thetidis,
1417 2202 1526 2255 quod
1574 2202 1611 2244 si
1660 2216 1723 2243 ar-

212 2275 453 2323 gumentum
482 2270 802 2325 mythologicum
834 2274 874 2312 et
902 2270 1155 2325 frequentem
1184 2285 1208 2312 a
1237 2284 1281 2312 re
1312 2269 1607 2324 digressionem
1636 2284 1723 2312 ora-

209 2338 337 2380 tionis
369 2338 413 2379 in
446 2352 492 2380 eo
536 2339 794 2395 perspicuam
840 2339 1084 2390 consideras,
1127 2353 1220 2381 cum
1263 2339 1538 2381 imitationem
1581 2343 1723 2395 poetae

207 2408 423 2450 cuiusdam
448 2408 720 2451 Alexandrini
756 2407 913 2450 redolet
950 2412 1036 2450 tum
1067 2414 1232 2465 propter
1272 2408 1492 2450 manifesta
1522 2407 1721 2462 quaedam

206 2476 395 2531 vestigia,
427 2489 530 2531 quae
551 2477 856 2532 Hertzbergius,
887 2490 1066 2521 convers,
1092 2477 1225 2520 Germ.
1249 2477 1304 2533 (a.
1330 2477 1460 2532 1862)
1491 2491 1533 2533 p.
1558 2476 1636 2518 131
1661 2489 1721 2531 sq.

209 2550 320 2587 recte
363 2545 649 2601 deprehendit,
687 2561 738 2588 ex
771 2546 923 2588 Graeco
969 2547 1145 2588 carmine
1176 2546 1417 2589 Callimachi
1448 2559 1570 2600 quem
1599 2546 1721 2601 potis-

205 2614 357 2656 simum
395 2614 585 2666 Riesius,
626 2628 730 2658 muS.
763 2615 891 2658 Rhen.
923 2614 1033 2657 XXI.
1064 2629 1102 2671 p.
1125 2616 1354 2659 498-509
1399 2614 1575 2668 intelligi
1618 2613 1721 2665 vult,

299 2775 332 2820 1)
358 2777 400 2812 cf.
426 2777 659 2812 Mommsenus
684 2777 764 2812 hist.
784 2777 881 2811 Rom.
899 2777 957 2812 111.
984 2788 1016 2821 p.
1035 2776 1106 2813 570'
1119 2788 1169 2822 sq.

293 2833 330 2877 2)
355 2835 397 2868 cf.
418 2834 486 2870 Cic.
512 2833 553 2868 de
578 2833 718 2869 divinat.
745 2834 797 2877 11„
823 2833 877 2877 64,
908 2834 983 2871 132.
1032 2835 1193 2870 Schwabe
1216 2835 1238 2870 l.
1256 2846 1289 2870 n.
1316 2844 1349 2878 p.
1365 2834 1427 2869 311
1446 2843 1506 2878 sq.
