1923 3104
785 407 1164 495 VITA.

907 579 1040 589 m

342 687 485 746 Natus
516 716 588 757 ego
618 716 709 743 sum
739 701 954 755 Adolphus
985 700 1116 742 Reeck
1151 700 1217 742 die
1239 700 1316 741 XX
1336 713 1463 742 menS.
1488 700 1601 742 Febr.
1628 700 1729 741 anni

231 771 272 816 h.
293 787 326 814 s.
358 771 466 813 XLV
498 770 738 813 Arnswalde
774 771 815 811 in
848 768 995 826 oppido
1031 769 1250 821 Marchico,
1295 774 1408 825 patre
1438 768 1607 811 Ernesto
1644 768 1725 810 iam

230 840 387 888 dudum
416 839 590 881 dolenda
618 844 747 881 morte
777 838 877 879 mihi
919 838 1096 893 abrepto,
1135 843 1264 879 matre
1286 837 1533 878 Guilelmina
1561 850 1584 878 e
1610 842 1728 890 gente

230 907 401 950 Zierath.
471 907 611 949 Fidem
656 907 843 963 profiteor
884 905 1168 960 evangelicam.
1239 906 1388 948 Primis
1432 905 1643 962 elementis
1686 905 1729 946 in

230 976 326 1018 ludo
356 976 548 1018 litterario
578 976 691 1018 urbis
727 974 881 1030 patriae
916 974 1095 1016 imbutus
1124 988 1228 1016 anno
1258 974 1401 1016 aetatis
1430 973 1506 1015 XV
1537 973 1728 1015 Vratisla-

230 1045 341 1089 viam
357 1059 422 1087 me
439 1044 592 1088 contuli
612 1043 751 1099 ibique
764 1057 902 1086 mense
923 1043 1054 1100 Aprili
1075 1044 1117 1086 in
1135 1043 1337 1100 gymnasii
1357 1042 1608 1087 Elisabetani
1621 1043 1728 1100 quod

234 1114 355 1156 etiam
386 1128 493 1156 1111116
521 1114 637 1156 floret
664 1113 801 1155 Caroli
830 1112 1001 1155 Fickerti
1032 1112 1109 1155 viri
1139 1113 1289 1155 summi
1310 1113 1519 1169 auspiciiS‚
1549 1113 1731 1156 ordinem

231 1183 422 1236 quintum
463 1196 551 1224 sum
598 1187 796 1238 receptus.
855 1181 953 1223 Post
996 1195 1068 1223 sex
1109 1195 1236 1223 annos
1276 1182 1528 1236 totidemque
1569 1195 1729 1224 menses

233 1251 510 1292 testimonium
550 1250 796 1292 maturitatis
837 1250 914 1291 rite
956 1254 1096 1291 nactus
1124 1264 1178 1290 m.
1210 1250 1298 1292 Oct.
1341 1251 1437 1291 anni
1465 1251 1505 1294 h.
1536 1265 1570 1292 s.
1600 1250 1730 1291 LXVI

229 1318 479 1361 Rossbachio
508 1331 547 1360 V.
579 1318 641 1362 ill.
664 1324 764 1360 tunc
803 1318 930 1360 fasces
969 1322 1130 1359 tenente
1165 1317 1269 1360 hanc
1303 1317 1385 1359 adii
1419 1317 1729 1361 universitatem

238 1386 485 1444 Viadrinam.
519 1386 855 1441 Philosophorum
885 1385 1017 1428 ordini
1044 1386 1274 1442 adscriptus
1295 1386 1481 1428 docentes
1500 1386 1642 1431 audivi
1661 1400 1729 1428 vv.

229 1455 288 1497 ill.
342 1447 508 1497 Braniss
549 1455 684 1497 Haase
733 1455 857 1497 Hertz
906 1455 1140 1497 Junkmann
1187 1454 1398 1496 Neumann
1445 1455 1732 1497 Reifferscheid

231 1523 440 1565 Rossbach
485 1523 692 1565 Rueckert
734 1523 909 1565 Schultz.
969 1523 1045 1564 Per
1080 1523 1159 1565 duo
1176 1526 1178 1529 ’
1198 1523 1411 1565 semestria
1446 1523 1612 1565 interfui
1638 1536 1729 1565 6011-

186 1646 189 1648 ,
233 1593 414 1635 sessibus
443 1592 653 1635 seminarii
682 1592 785 1648 regii
806 1592 946 1649 philol.
968 1592 1275 1635 extraordinarii
1295 1606 1396 1647 quos
1415 1592 1731 1636 moderabantur

231 1661 356 1702 Hertz
405 1666 446 1702 et
474 1660 760 1702 Reifferscheid
798 1674 863 1704 vv.
895 1660 970 1712 111.,
1012 1665 1100 1702 111111
1140 1674 1212 1716 per
1251 1665 1443 1702 semestre
1486 1660 1637 1703 sodalis
1669 1662 1730 1703 fui

230 1729 442 1781 seminarii
471 1730 612 1785 philol.
645 1729 863 1780 ordinarii,
901 1729 1010 1783 quod
1039 1729 1165 1771 iidem
1184 1730 1376 1784 regebant
1395 1729 1475 1771 viri
1495 1729 1729 1772 doctissimi.

70 1801 85 1838 .'
164 1808 167 1811 ·
233 1797 292 1839 Ex
322 1797 576 1840 illisautem
614 1797 805 1839 omnibus
841 1810 1013 1851 quorum
1043 1798 1220 1853 insignia
1247 1803 1344 1840 sunt
1373 1798 1423 1840 de
1451 1797 1599 1840 studiis
1627 1798 1730 1840 meis

228 1865 384 1917 merita,
413 1865 637 1921 plurimum
667 1865 794 1909 debeo
813 1865 978 1907 Hertzio
999 1871 1040 1908 et
1059 1866 1308 1909 Rossbachio
1338 1880 1406 1908 vv.
1435 1866 1512 1918 111.,
1544 1866 1729 1921 quicum

229 1932 565 1989 splendidissima
585 1933 791 1993 doctrinae
811 1948 909 1975 suae
930 1934 1044 1988 copia
1062 1938 1151 1976 tum
1175 1934 1348 1990 privatis
1369 1934 1550 1976 consiliis
1570 1949 1730 1976 summa

229 2001 481 2044 humanitate
515 2015 582 2043 me
618 2001 874 2045 adiuverunt.
934 2003 1066 2053 Quare
1096 2016 1305 2057 nunquam
1336 2015 1406 2056 ego
1447 2002 1630 2044 desinam
1660 2004 1730 2059 pia

191 2124 195 2128 λ
229 2074 423 2124 grataque
461 2071 659 2113 memoria
696 2086 764 2113 eos
795 2072 998 2128 prosequi.
1056 2071 1243 2125 Denique
1281 2071 1343 2112 fas
1387 2076 1450 2112 est
1484 2072 1599 2113 fratri
1627 2072 1729 2113 mihi

162 2136 165 2139 ’
229 2138 438 2181 carissimo
496 2139 612 2180 cuius
672 2140 865 2196 singulari
899 2139 1076 2195 quadam
1119 2139 1358 2182 liberalitate
1395 2153 1442 2181 ac
1482 2140 1729 2196 benignitate

187 2231 190 2234 >
230 2208 379 2250 factum
419 2212 502 2260 est,
550 2214 597 2250 ut
630 2223 712 2251 non
740 2210 860 2252 modo
890 2209 1089 2265 gymnasii
1109 2209 1389 2264 frequentandi
1420 2209 1611 2252 beneficio
1635 2210 1727 2261 frui,

229 2276 305 2318 sed·
349 2276 473 2318 etiam
517 2277 665 2319 studiis
704 2278 943 2322 academicis
984 2292 1147 2336 operam
1184 2292 1312 2321 navar
1349 2291 1532 2334 possem,
1578 2279 1727 2334 gratias

227 2356 344 2400 agere
373 2359 496 2399 quam
524 2346 740 2389 maximas.
