1923 3104
220 198 380 272 {ueteres
410 218 510 262 adeo
540 195 771 274 frequenter
809 217 891 260 sibi
925 217 1210 273 permitterent
1237 216 1398 259 litterae
1428 232 1448 259 s
1476 215 1522 258 in
1546 217 1623 259 fine
1653 230 1722 259 no-

220 288 380 330 minum
408 302 482 344 per
511 299 718 343 apocopen
747 285 955 339 quandam
975 286 1250 337 abiectionem,
1280 290 1388 327 recte
1414 285 1590 341 explicat
1609 286 1722 328 Cors-

221 370 345 400 Senus
374 357 406 409 Ι,
436 371 474 413 p,
498 356 581 398 294
611 354 757 397 docens
787 354 940 410 priores
970 359 1109 410 poetas
1140 353 1256 396 illam
1282 370 1303 396 s
1331 353 1494 396 finalem
1530 367 1610 396 non
1640 359 1721 396 tam

221 430 269 468 ut
298 426 462 482 plenam
492 438 616 479 quam
645 428 693 465 ut
721 427 881 465 tenuem
903 428 1189 466 consonantem
1211 423 1346 477 qualis
1366 428 1455 466 tum
1475 423 1518 464 in
1540 437 1723 465 sermone

43 1750 56 1765 κ.
27 1679 59 1717 4,τί
36 1656 53 1669 ->’;
31 1457 51 1639 υμμωκ-Γ,
36 1407 57 1429 „1
37 1387 43 1393 .
32 1364 42 1376 ιΙ
34 1241 51 1255 '.
35 1222 38 1227 .
44 1133 48 1153 ..
34 1073 52 1104 :W
35 1033 51 1063 ’Ἴ
36 994 57 1015 1¹³
35 943 51 960 α

56 1655 60 1658 ’
57 1597 62 1612 ”
49 1511 67 1552 w}
62 1390 63 1394 Α
60 1326 62 1328 ⁴
58 1275 60 1277 ’
51 1082 65 1092 .‹
49 961 64 1054 ’“,,τ,

77 1756 80 1763 .
66 1708 77 1725 ⁴⁷
78 1606 82 1607 Ἰ
81 1511 90 1516 ι
69 1464 77 1485 1.,
74 1397 79 1411 ΑΛ
73 1068 75 1070 ¹
76 1008 79 1009 Ἰ
65 983 98 990 ’ἐξ
81 962 83 964 ¹

76 2974 87 2993 ’τ
95 2961 114 2991 313
121 2959 152 2989 1¹¹⁶,
162 2963 165 2968 ⁴

77 482 141 556 J:
221 494 385 551 plebeio
415 493 580 543 valeret,
611 491 791 533 elocutos
822 505 922 543 esse,
967 506 1090 546 quare
1121 492 1185 534 vel
1215 492 1258 533 in
1289 492 1500 535 scribendo
1530 491 1724 533 facillime

222 561 407 605 decidere
437 562 617 617 potuerit
655 559 722 614 (cf.
762 559 885 601 etiam
917 559 1087 610 Quintil.
1109 560 1241 613 VIIII,
1271 561 1312 612 4,
1345 553 1431 611 38).
1493 560 1609 601 Certe
1638 560 1724 614 qui-

222 631 315 673 dem
345 629 528 672 Catullus
570 629 814 684 positionem
857 629 1107 684 insequentis
1144 629 1331 671 dictionis
1375 642 1555 671 consona
1592 629 1725 684 prima

223 699 406 741 effectam
435 697 617 739 devitare
648 697 818 749 curavit,
849 711 941 738 cum
971 697 1095 739 semel
1123 702 1206 739 toto
1237 711 1356 753 opere
1379 697 1519 749 CXVI,
1550 691 1585 739 8'
1605 698 1648 738 in
1679 711 1726 738 ea

222 766 466 822 pentametri
496 765 591 807 sede
621 766 693 807 ubi
732 765 915 819 dactylus
957 772 1018 808 est
1057 766 1287 820 legitimus,
1326 766 1525 820 syllabam
1565 769 1603 806 is
1637 779 1723 806 cor-

148 844 151 848 ·
223 838 379 889 reptam
421 833 528 875 hunc
572 833 615 874 in
656 833 823 876 modum
866 839 1088 875 truncaret:
1134 839 1190 885 ,at
1225 834 1329 875 fixus
1359 834 1512 875 nostris
1540 838 1586 875 tu
1615 834 1721 874 dabi’

224 901 499 958 supplicium‘.
541 902 627 953 Quo
659 902 745 944 loco
777 902 984 945 codicibus
1014 917 1093 945 uno
1115 916 1311 945 consensu
1331 904 1444 944 dabis
1465 902 1725 951 offerentibus

224 970 381 1013 nullam
429 971 591 1012 omnino
634 970 756 1012 fidem
797 985 884 1013 esse
929 972 1085 1013 dudum
1124 972 1420 1015 intellexerunt.
1482 972 1568 1013 Hoc
1597 985 1724 1025 genus

226 1040 429 1083 scribendi
469 1039 577 1094 quod
620 1039 702 1081 Cic.
747 1053 800 1083 or.
833 1040 902 1090 48,
936 1042 1013 1083 161
1048 1040 1324 1082 subrusticum
1353 1040 1550 1096 appellat,
1594 1040 1724 1085 multo

225 1108 414 1163 pluribus
458 1107 656 1162 exemplis
698 1108 886 1162 probavit
929 1108 1140 1150 Lucretius
1179 1108 1278 1150 item
1324 1109 1441 1149 metri
1486 1108 1726 1150 necessitate

224 1176 355 1218 victus
384 1176 432 1220 cf.
462 1176 709 1217 Lachmann.
741 1189 884 1218 comm.
914 1190 953 1231 p.
976 1177 1029 1219 28
1060 1190 1120 1230 sq.
1152 1181 1193 1218 et
1223 1176 1272 1218 de
1303 1177 1495 1219 universa
1526 1191 1568 1218 re
1601 1177 1725 1218 etiam

225 1244 269 1287 L.
298 1244 517 1286 Muellerus
558 1244 607 1285 de
643 1258 686 1285 re
726 1249 841 1287 metr.
881 1259 920 1300 p.
952 1246 1047 1287 345.
1106 1244 1256 1298 Reisig.
1290 1245 1410 1287 schol.
1442 1246 1570 1287 Latin.
1602 1246 1626 1300 ξ
1657 1246 1726 1294 48,

226 1329 266 1369 p.
298 1315 365 1357 61.

340 1382 433 1424 Jam
462 1396 589 1438 pauca
618 1381 803 1423 addenda
832 1387 928 1424 sunt

795 1509 834 1544 b.
865 1508 922 1545 De
945 1508 1158 1546 vocalibus.

342 1588 391 1630 In
420 1588 484 1631 his
513 1588 687 1630 rusticus
718 1588 763 1630 fit
793 1603 937 1640 sermo,
970 1589 1006 1630 si
1035 1589 1187 1631 vocalis
1217 1589 1373 1645 primae
1400 1572 1582 1644 syllabae
1613 1603 1730 1632 voca-

230 1657 318 1699 buli
349 1657 525 1698 eundem
555 1670 676 1710 quem
709 1657 837 1698 altera
866 1671 1010 1699 sonum
1040 1658 1173 1709 habet,
1205 1658 1246 1699 id
1277 1658 1384 1712 quod
1415 1671 1496 1699 non
1526 1658 1656 1711 magis
1687 1659 1726 1699 iu

228 1725 498 1768 substantivis
530 1739 651 1779 quam
681 1725 724 1766 in
755 1725 969 1768 adiectivis
990 1726 1168 1768 cernitur
1198 1726 1248 1769 cf.
1271 1726 1493 1768 Corssenus
1510 1726 1548 1768 ΙΙ
1570 1742 1608 1782 p.
1631 1729 1726 1770 369.

35 1790 88 1845 αρ’
150 1818 153 1823 »
227 1793 287 1835 Ex
314 1793 477 1836 illorum
506 1808 716 1836 nummero
746 1794 868 1836 affero
899 1809 933 1836 e.
955 1809 991 1848 g.
1023 1796 1176 1837 lacuna
1212 1809 1284 1851 pro
1315 1795 1460 1837 lacuna
1489 1800 1551 1837 ter
1583 1797 1726 1851 proba-

228 1865 317 1902 tum
346 1862 528 1904 Lucretio
577 1861 644 1917 (cf.
674 1862 835 1905 Lachm.
874 1863 925 1903 ad
956 1863 1070 1905 Lucr.
1100 1863 1173 1914 III,
1208 1863 1356 1919 1031),
1388 1867 1604 1916 tuqurium
1657 1877 1728 1918 pro

227 1930 431 1985 tegurium
461 1930 570 1985 quod
601 1933 667 1974 vel
701 1945 833 1974 sermo
863 1932 1043 1974 urbanus
1082 1931 1160 1974 sibi
1190 1931 1439 1974 vindicavit:
1485 1932 1591 1974 inter
1628 1932 1738 1974 haec

229 1999 442 2041 referenda
472 2004 567 2042 sunt
593 2002 806 2042 rutundus
819 2002 1027 2042 rubustus
1056 2000 1136 2042 alia
1152 2015 1223 2056 pro
1253 2002 1451 2042 rotundus
1471 2005 1512 2042 et
1531 2001 1730 2042 robustus

228 2068 338 2124 apud
367 2069 599 2112 Lucretium
647 2075 686 2112 et
722 2070 860 2126 ipsum
907 2084 988 2112 non
1030 2069 1155 2112 semel
1190 2070 1322 2112 obvia.
1383 2069 1535 2121 Quodsi
1575 2074 1731 2112 constat

228 2151 277 2178 ex
310 2136 521 2180 adiectivis
563 2153 691 2180 unum
734 2152 822 2181 esse
852 2140 1063 2180 iucundus
1092 2138 1199 2193 qu'od
1231 2138 1388 2180 exculta
1419 2138 1558 2192 lingua
1586 2138 1732 2180 Latina

229 2204 273 2247 in
302 2214 542 2261 perpetuum
573 2207 838 2262 adoptaverit,
868 2207 1016 2248 mirum
1047 2221 1142 2249 sane
1164 2212 1225 2248 est
1244 2206 1287 2248 in
1309 2206 1459 2248 Catulli
1481 2207 1731 2249 carminibus

187 2276 190 2278 ’
228 2278 386 2330 praeter
415 2274 584 2318 formam
623 2275 727 2318 hanc
766 2276 989 2331 regularem
1027 2275 1188 2332 saepius
1217 2275 1337 2318 nobis
1367 2289 1572 2318 occurrere
1603 2276 1729 2331 scrip-

229 2346 364 2384 turam
395 2345 597 2386 iocundus
618 2344 733 2387 libris
759 2350 830 2387 aut
860 2345 1048 2387 omnibus
1077 2350 1148 2386 aut
1173 2358 1254 2387 uno
1284 2345 1463 2387 alterove
1493 2345 1727 2387 exhibitam.

230 2412 318 2462 Qua
356 2411 405 2455 de
447 2427 491 2455 re
530 2414 753 2470 comparari
796 2418 967 2470 possunt
1006 2413 1047 2455 hi
1088 2413 1187 2455 loci:
1239 2413 1362 2456 VIIII
1373 2448 1383 2467 ,
1422 2416 1460 2457 9.
1507 2413 1650 2466 XIIII,
1690 2414 1728 2455 2.

229 2478 461 2533 XXXXVI,
482 2484 522 2525 3.
555 2483 598 2533 L,
625 2483 689 2525 16.
722 2483 846 2534 LXII,
871 2484 938 2526 26.
959 2484 1028 2525 47.
1050 2482 1217 2532 LXIIII,
1243 2485 1334 2525 161.
1356 2484 1451 2526 215.
1500 2482 1638 2533 LXVI,
1661 2483 1729 2524 82.

229 2548 394 2602 LXVII,
430 2551 450 2592 1
476 2551 550 2594 bis.
581 2552 755 2594 LXVIII
767 2565 799 2604 a,
834 2553 897 2596 16.
931 2551 1097 2602 CVIIII,
1134 2555 1148 2594 1
1186 2552 1234 2594 cf.
1264 2552 1407 2595 Laber.
1433 2554 1523 2596 121.
1583 2551 1640 2594 Ut
1671 2565 1732 2593 co-

230 2616 342 2660 dices
371 2618 580 2672 fluctuant,
610 2621 667 2662 ita
696 2635 747 2662 ne
776 2621 948 2663 editores
969 2619 1131 2675 quidem
1161 2621 1289 2662 veluti
1309 2621 1589 2663 Lachmannus
1609 2620 1730 2661 Ross—

233 2686 402 2729 bachius
433 2687 673 2732 Schwabius
704 2695 852 2732 certam
884 2689 1086 2732 scribendi
1127 2703 1310 2732 normam
1343 2689 1630 2745 quaesiverunt
1657 2689 1731 2730 ibi-

230 2767 307 2808 que
339 2759 498 2797 tantum
526 2757 597 2799 ubi
629 2757 723 2799 libri
754 2758 860 2800 inter
891 2772 933 2800 se
964 2758 1233 2810 consentiunt,
1264 2759 1435 2801 formam
1456 2758 1574 2799 illam
1594 2757 1732 2799 insoli-

230 2827 316 2866 tam
346 2824 636 2880 praetulerunt.
698 2825 951 2881 Quamquam
982 2826 1082 2869 haec
1113 2827 1311 2883 scriptura
1339 2827 1454 2869 cuius
1484 2826 1729 2882 mentionem
