1923 3104
925 60 984 102 39

196 180 482 241 redintegrare.
535 186 624 228 Hac
650 176 807 228 ratione
837 185 1023 227 Catullus
1052 186 1115 227 bis
1144 185 1187 227 in
1219 200 1300 227 uno
1330 186 1551 240 eodemque
1580 199 1701 227 versu

197 251 398 307 adverbia
421 255 538 298 finxit
564 253 792 297 numeralia
820 258 1008 309 quotiens
1037 259 1079 296 et
1107 258 1252 296 totiens
1271 254 1414 307 LXXI,
1437 255 1461 296 5
1483 254 1560 297 ita:
1591 269 1698 306 ‚nam

224 320 386 367 uotiens
414 324 556 376 futuit,
586 323 732 365 totiens
762 322 971 365 ulciscitur
1000 324 1168 367 ambos‘.
1209 323 1328 366 Unde
1358 323 1447 366 ficri
1466 337 1548 365 non
1568 324 1702 379 potuit

226 393 298 436 ain
341 408 390 435 ex
427 392 616 446 analogia
653 391 801 433 talium
838 392 1056 433 formarum
1095 392 1219 434 etiam
1249 393 1292 433 in
1321 393 1403 434 alia
1431 392 1628 435 vocabula
1656 393 1701 433 in

150 457 159 462 '⁴
196 461 346 516 quibus
375 461 537 503 omnino
567 460 701 501 locum
730 473 812 501 non
840 460 977 511 habet,
1007 460 1143 501 littera
1162 475 1188 500 n
1230 461 1394 516 saepius
1415 475 1458 502 se
1478 460 1704 502 insinuaret

82 571 88 576 ,,
200 531 332 573 veluit
376 530 421 571 in
469 530 714 569 thensaurus
762 527 872 583 apud
920 527 1109 570 Plautum
1158 528 1330 582 aliisque
1380 542 1484 583 quae
1533 543 1583 570 ex
1640 529 1700 570 in-

86 591 99 617 3*
172 626 175 630 ,
199 597 488 654 scriptionibus
525 595 772 649 conquisivit
807 596 1029 637 Corssenus
1058 597 1091 638 Ι.
1121 611 1162 652 p.
1195 597 1289 639 252.
1322 597 1418 640 255.
1450 621 1504 628 -
1534 597 1595 638 De
1625 610 1701 638 usu

200 665 374 708 Lucretii
403 665 497 706 vide
526 664 689 707 Lachm.
722 678 866 706 comm.
897 679 937 719 p.
971 664 1057 707 280
1086 669 1126 706 et
1153 666 1248 708 395.
1271 666 1278 676 '

311 735 351 777 3.
394 732 519 775 Plane
559 732 698 775 eodem
729 732 848 775 modo
885 732 1035 774 factum
1065 732 1254 776 videmus
1283 737 1331 775 ut
1360 747 1433 789 pro
1465 733 1644 790 simplici
1671 749 1704 775 x

198 803 337 845 littera
365 802 571 844 interdum
599 816 652 843 ωε
681 802 938 851 scriberetur,
971 801 1079 856 quod
1109 803 1285 857 primum
1305 802 1452 844 accidit
1479 802 1523 843 in
1553 802 1629 844 SC.
1652 802 1703 844 de

3 907 16 924 „
170 902 173 904 -
197 871 410 922 Baochan„
443 870 514 914 ubi
543 872 709 912 eoestrad
736 870 897 924 legitur,
935 874 1025 912 tum
1053 871 1193 926 paullo
1223 871 1427 927 posterius
1458 885 1628 913 sarsum
1658 871 1701 913 in

0 917 73 998 ἓν
116 958 119 959 ’
198 939 383 995 sepulcro
414 939 649 994 Scipionum
679 943 781 980 teste
811 939 1005 981 Corsseno
1028 940 1047 980 I
1068 954 1108 995 p.
1129 941 1214 982 296
1236 952 1310 993 sq.,
1340 939 1412 993 qui
1433 939 1546 981 illam
1576 940 1724 990 tradit,

0 992 104 1094 ἓξῖ
199 1007 406 1051 scribendi
435 1007 631 1050 rationem
672 1021 800 1061 usque
830 1007 881 1049 ad
916 1007 1101 1063 proxima
1136 1014 1229 1063 post
1258 1008 1484 1063 Augustum
1514 1012 1703 1064 tempora

189 1076 241 1123 ,111
272 1090 351 1118 usu
377 1076 505 1118 fuisse
524 1076 568 1117 111
584 1076 859 1118 monumentis
879 1076 1067 1131 publicis,
1097 1077 1354 1132 praevalente
1373 1081 1511 1118 tamen
1526 1077 1703 1130 regulari

200 1159 272 1201 per
310 1159 342 1187 a:
381 1144 609 1201 scriptione.
688 1144 828 1187 Talem
866 1144 988 1200 igitur
1036 1145 1209 1188 formam
1254 1145 1413 1188 Catullo
1466 1144 1702 1187 Schwabius

0 1211 56 1259 ἓξ
198 1212 380 1255 restituit
421 1213 697 1255 emendatione
739 1213 964 1256 certissima
1002 1214 1222 1268 eademque
1253 1214 1572 1269 simplicissima,
1611 1228 1703 1255 011111

0 1285 28 1320 '2
197 1281 402 1335 LXVIlIb,
440 1283 520 1325 143
551 1297 598 1325 ex
637 1283 881 1338 optimorum
912 1282 1094 1326 codicum
1124 1284 1281 1325 deastra
1315 1282 1507 1325 facillime
1536 1284 1701 1325 dexstra

66 1352 68 1354 ’
151 1347 153 1349 ’
199 1352 360 1394 61101111;
403 1364 498 1392 nam
548 1345 768 1405 permagna
807 1351 1032 1393 similitudo
1071 1365 1174 1405 quae
1210 1351 1317 1393 inter
1355 1366 1379 1392 α
1409 1356 1448 1393 61
1475 1366 1507 1392 x
1545 1352 1701 1394 litteras

0 1458 42 1483 4
92 1459 95 1462 .
198 1420 414 1463 intercedit
447 1418 695 1461 maiuscula-s
735 1419 885 1473 quibus
917 1420 1147 1476 exemplum
1187 1419 1295 1462 unde
1325 1420 1430 1462 liber
1460 1421 1704 1477 archetypus

0 1482 82 1533 {2³5³}
104 1489 105 1492 ’
200 1489 399 1544 originem
418 1489 552 1539 traxit,
584 1488 682 1530 olim
705 1488 866 1531 videtur
887 1489 1081 1545 scriptum
1109 1489 1237 1531 fuisse
1258 1489 1329 1544 (cf.
1351 1490 1493 1544 supra)
1509 1489 1704 1545 plurimos

0 1529 60 1624 ξς
199 1557 457 1600 librariorum
488 1571 645 1600 errores
675 1558 905 1613 procreavit
919 1558 965 1613 ¹).

0 1628 56 1687 ⁸4,
313 1628 353 1668 4.
395 1627 516 1668 Porro
566 1627 648 1667 iam
697 1626 990 1680 antiquissimis
1041 1627 1203 1681 linguae
1251 1626 1525 1668 monumentis
1571 1627 1703 1680 quoad

0 1676 90 1749 li'
201 1709 342 1738 eorum
371 1695 570 1749 reliquiae
600 1695 651 1736 ad
681 1709 754 1737 nos
775 1700 1060 1750 pervenerunt,
1091 1695 1306 1737 edocemur
1325 1695 1369 1737 in
1387 1695 1448 1751 ¹iis
1468 1695 1704 1737 nominibus

0 1740 50 1782 ἓν·
201 1766 498 1819 verborumque
528 1764 677 1819 {formis
718 1764 762 1805 in
806 1763 955 1818 quibus
991 1763 1153 1806 labialis
1189 1779 1229 1805 m
1258 1768 1299 1805 et
1333 1763 1509 1806 dentalis
1540 1768 1557 1804 t
1586 1763 1651 1813 vel
1683 1779 1703 1805 ε

203 1838 460 1883 concurrant,
498 1833 677 1875 litteram
700 1847 733 1887 p
764 1833 885 1887 vulgo
912 1833 1115 1889 interponi
1145 1837 1186 1875 et
1213 1846 1406 1875 sonorum
1434 1833 1541 1875 inter
1569 1847 1613 1875 se
1643 1846 1704 1875 co-

0 1919 52 1967 ³5⁹}
83 1957 86 1960 ἡ
202 1902 407 1960 pulationi
435 1902 623 1960 inprimis
655 1907 791 1959 aptam
812 1909 853 1945 et
876 1901 1196 1959 pronuntiationi
1225 1902 1376 1944 mirum
1392 1906 1590 1956 quantum
1610 1902 1703 1943 sub-

0 1958 79 2045 ᾗ
201 1972 434 2014 venientem
465 1973 513 2015 cf.
545 1972 668 2013 Pri'sc.
695 1987 732 2028 p.
755 1973 849 2016 854.
893 1972 1051 2022 Quibus
1073 1971 1123 2013 de
1153 1972 1286 2013 causis
1317 1971 1439 2013 etiam
1459 1971 1703 2026 posteriores

0 2048 30 2078 ,f

202 2040 392 2082 traditam
428 2041 531 2082 hanc
565 2054 678 2082 more
713 2042 912 2082 maiorum
950 2039 1283 2082 consuetudinem
1318 2039 1362 2080 in
1403 2038 1613 2081 scribendo
1645 2054 1704 2081 re-

104 2135 110 2148 ,
199 2108 374 2151 tinuisse
412 2109 501 2150 iure
537 2114 735 2164 putantur
771 2123 901 2163 neque
939 2108 1057 2150 aliter
1087 2107 1290 2150 Catullum
1321 2106 1474 2149 dixisse
1504 2111 1704 2150 testantur

0 2164 75 2252 {list
199 2180 456 2232 sumptuosas
482 2174 732 2231 XXXXHII,
764 2179 803 2221 9.
835 2176 1070 2233 ademptum
1089 2174 1299 2226 LXVIIP’,
1331 2177 1398 2219 93.
1430 2180 1702 2233 contemptam

2 2277 13 2297 .,
26 2242 89 2305 Γ
150 2275 159 2289 .
198 2245 286 2298 LX,
317 2249 342 2290 5
375 2251 414 2288 61
434 2260 537 2301 quae
558 2247 658 2290 alibi
679 2253 819 2290 extant
838 2246 960 2289 huius
980 2246 1140 2301 generis
1160 2245 1323 2288 similia.
1347 2269 1400 2276 —
1422 2245 1471 2286 In
1497 2245 1562 2288 his
1582 2246 1705 2300 igitur

31 2321 35 2328 '
70 2311 77 2323 '
199 2328 294 2357 cum
316 2329 350 2370 p
380 2315 652 2372 euphonicum
691 2316 796 2358 nihil
825 2315 973 2358 habeat
1002 2313 1277 2364 dubitationis,
1317 2312 1437 2369 plane
1466 2314 1613 2357 inutile
1642 2321 1705 2357 est

143 2422 146 2425 .
200 2390 332 2437 neque
361 2384 450 2425 ulla
470 2385 734 2439 etymologiae
755 2385 844 2438 lege
866 2384 1029 2427 defendi
1047 2388 1196 2439 potest,
1223 2382 1299 2424 etsi
1321 2396 1372 2424 ne
1392 2383 1515 2425 hodie
1536 2384 1702 2438 quidem

199 2453 345 2495 desunt
374 2452 447 2507 qui
477 2466 634 2496 summo
667 2467 785 2510 opere
815 2453 1004 2496 studeant
1023 2451 1277 2504 defensitare,
1307 2451 1351 2494 in
1371 2453 1495 2495 verbo
1516 2452 1622 2508 quod
1642 2457 1706 2495 est

163 2528 165 2531 ’
200 2525 400 2575 temptare.
468 2521 632 2564 Novum
676 2523 773 2565 huic
812 2523 871 2564 rei
905 2522 1042 2564 lumen
1084 2521 1222 2563 attulit
1257 2520 1478 2563 Corssenus
1508 2522 1528 2562 l
1557 2535 1594 2576 p.
1622 2523 1703 2565 122

199 2589 426 2632 rectissime
455 2589 605 2634 docens
633 2596 681 2634 ut
710 2606 734 2633 a
763 2588 888 2635 v'erbo
927 2592 1125 2633 intendere
1153 2589 1418 2646 participium
1447 2594 1624 2633 intentus
1652 2592 1702 2632 ab

293 2749 329 2798 1)
352 2751 408 2787 Sic
429 2751 474 2796 1111
496 2751 600 2789 Lucr.
624 2752 682 2796 III,
718 2753 786 2791 596
820 2753 899 2789 libri
923 2763 1005 2788 mss.
1029 2754 1192 2797 easanqui
1225 2763 1288 2798 pro
1313 2753 1476 2796 exsanqui
1497 2754 1531 2787 et
1554 2751 1611 2795 VI,
1635 2751 1702 2788 385

199 2808 385 2862 summm
405 2819 468 2852 pro
491 2810 678 2841 extulerunt
699 2810 846 2847 offerunt
869 2811 911 2847 cf.
934 2810 1071 2845 Lachm.
1095 2820 1217 2845 comm.
1242 2821 1276 2854 p.
1301 2810 1379 2845 370.
