1923 3104
1650 11 1696 30 w.
1718 8 1769 38 3··³7'

1567 42 1571 46 “
1623 30 1635 45 ν
1650 32 1771 65 Ψῇἷ,
1797 47 1812 64 0'„

1655 75 1661 79 ,
1696 71 1706 74 ,.
1731 74 1740 78 ,
1786 72 1805 82 Α.

848 131 851 132 γ
932 71 989 115 56

209 211 284 252 pro
306 201 493 253 correpta
523 197 723 241 adhibuit.
765 197 964 253 Exempla
984 197 1092 239 enim
1124 197 1223 240 haec
1251 202 1365 239 sunt:
1396 200 1568 242 alterius
1589 199 1653 243 bis
1672 198 1720 241 in'

210 266 353 309 eodem
400 280 524 308 versu
565 267 758 309 carminis
788 266 1017 319 LXXVIII,
1049 267 1074 308 2
1117 281 1191 309 nec
1232 267 1393 323 saepius
1438 267 1483 309 in
1519 267 1729 325 dactylico·

210 349 380 377 numero
424 326 732 390 productionem
775 336 889 377 illius
932 336 1122 377 vocabuli
1167 336 1318 391 quippe
1356 350 1407 377 ne
1437 337 1606 378 creticus
1636 338 1717 388 fiat,

160 446 161 449 ,
212 404 377 446 omnino
409 409 638 459 respuente.
710 404 833 446 Porro
877 404 992 445 brevi
1038 404 1170 460 priore
1214 405 1334 445 illius
1373 403 1523 458 ubique
1560 409 1720 461 praeter

209 472 375 523 LXVII,
409 474 463 516 23
494 486 569 514 nec
599 473 717 515 aliter
738 475 875 515 ullius
904 476 1042 527 zpsius
1062 477 1191 515 totius
1220 477 1350 515 unius
1371 478 1411 515 et
1431 472 1474 514 in
1495 486 1574 528 quo
1599 474 1718 529 vulgo

209 542 254 583 fit
283 545 513 596 utriusque
541 541 749 594 LXVHla,
783 541 849 585 39.
892 541 951 583 De
981 542 1156 583 aliorum
1187 547 1398 598 poetarum
1428 556 1506 584 usu
1526 543 1575 586 cf.
1601 542 1719 586 Nevii
1783 532 1795 538 Γ

207 624 374 666 gramm.
408 610 478 652 lat.
502 611 556 654 II.
580 626 618 667 p.
640 613 720 654 182
741 624 800 665 sq.
825 612 903 654 186
926 617 965 653 et
986 611 1261 653 Bouterwekii
1283 612 1392 654 Lucr.
1411 612 1570 662 Quaest.
1593 627 1630 668 p.
1654 614 1718 656 19.
1789 612 1813 621 ”

324 678 478 721 Eodem
509 680 660 722 referas
691 680 788 722 licet
818 680 1018 722 vocabula
1048 694 1068 720 e
1101 679 1251 721 Graeco
1290 695 1475 722 sermone
1505 681 1720 737 desumpta

210 761 315 802 quae
344 762 438 789 cum
467 748 524 790 ibi
556 748 849 804 producantur,
892 748 1001 804 apud
1034 749 1207 790 Latinos
1239 749 1459 803 aliquando
1489 749 1609 791 etiam
1640 763 1721 791 cor-

208 822 323 872 repta
365 816 567 870 leguntur.
628 817 696 860 Sic
734 817 923 859 Catullus
954 833 973 858 e
1006 818 1120 859 brevi
1167 817 1272 859 dixit
1313 831 1451 859 vocem
1483 820 1641 872 plateae
1675 818 1719 860 in
1911 826 1923 851 ³

206 885 547 940 hendecasyllabo
581 885 670 937 XV,
704 887 749 927 7:
800 886 915 937 ,istos
960 889 1031 939 qui
1076 885 1117 927 in
1157 886 1291 941 platea
1332 886 1451 928 modo
1482 886 1562 929 huc
1602 887 1720 930 modo

213 953 322 995 illuc‘
366 959 460 1010 post
503 967 675 1008 eumque
716 954 816 996 item
857 954 998 996 Horatv
1037 954 1106 1009 Ep.
1143 954 1196 1006 II,
1231 957 1268 997 2.
1312 957 1383 998 71:
1440 969 1579 1010 ‚purae
1623 960 1722 997 sunt

208 1022 388 1078 plateae,
434 1022 538 1064 nihil
579 1027 624 1063 ut
660 1022 955 1073 meditantibus
1002 1024 1160 1065 obstet‘.
1228 1023 1291 1064 Ad
1338 1023 1585 1078 primitivam
1625 1020 1719 1065 vero

206 1103 439 1131 mensuram
463 1090 605 1131 Graeci
637 1090 817 1132 nominis
847 1105 917 1146 per
949 1090 1245 1145 diphthongum
1277 1107 1312 1134 ει
1344 1091 1484 1147 scripti
1514 1091 1722 1134 redierunt

210 1172 260 1199 ex
301 1158 533 1200 christianis
570 1159 700 1214 poetis
750 1159 954 1201 Ausonius
997 1159 1242 1201 Prudentius
1288 1159 1483 1202 Paulinus
1528 1159 1714 1202 Nolanus

207 1231 399 1269 monente
439 1226 591 1269 Orellio
633 1228 684 1268 ad
728 1228 825 1269 Hor.
858 1227 883 1270 l.
919 1242 953 1268 n.
1006 1228 1191 1269 Alterum
1230 1228 1336 1282 quod
1375 1243 1469 1270 cum
1509 1228 1719 1284 superiore

206 1296 379 1338 conferri
410 1300 546 1352 potest
583 1296 821 1352 exemplum
865 1302 927 1337 est
957 1297 1219 1350 Hyperborei
1246 1297 1367 1348 CXV,
1402 1298 1446 1339 6:
1499 1310 1639 1352 ,usque
1668 1296 1719 1338 ad

206 1365 492 1421 Hyperboreos
523 1370 564 1407 et
590 1379 702 1407 mare
732 1364 781 1406 ad
815 1365 1048 1407 Oceanum‘.
1095 1367 1349 1420 Quamquam
1381 1366 1454 1407 hoc
1482 1365 1722 1408 vocabulum

208 1433 318 1488 quod
351 1434 494 1476 Graeci
516 1440 556 1475 et
578 1448 651 1490 per
668 1450 703 1476 ει
726 1440 765 1475 et
795 1448 865 1489 per
886 1450 906 1476 ε·
927 1433 1120 1484 scribunt,
1152 1438 1293 1489 poetae
1315 1434 1451 1476 Latini
1474 1434 1721 1491 diphthongo

212 1502 364 1544 Graeca
398 1502 522 1556 vulgo
554 1507 775 1544 extenuata
806 1502 999 1544 videntur
1030 1503 1247 1557 protulisse
1280 1502 1328 1543 cf.
1363 1503 1505 1544 Iuven.
1531 1503 1601 1554 VI,
1622 1504 1719 1545 470.

214 1572 294 1614 Sed
339 1572 383 1613 in
425 1573 564 1613 chorea
608 1571 716 1625 quod
752 1571 851 1612 item
884 1571 1046 1613 Graecis
1088 1576 1297 1627 acceptum
1327 1572 1523 1623 referunt,
1561 1585 1721 1627 semper

210 1640 387 1696 priorem
430 1639 634 1695 syllabam
676 1639 908 1696 producunt
952 1644 996 1681 ut
1041 1639 1186 1682 docent
1225 1639 1309 1681 Cat.
1342 1639 1511 1692 LXIIII,
1555 1641 1636 1683 287
1679 1645 1720 1683 et
1783 1686 1785 1689 r

204 1710 342 1752 Horat.
376 1709 508 1751 Carm.
541 1708 641 1761 IIII,
673 1710 712 1761 6,
748 1709 799 1751 15
831 1710 900 1764 (cf.
935 1709 1096 1750 Lachm.
1132 1723 1275 1750 comm.
1309 1709 1426 1752 Lucr.
1457 1724 1497 1766 p.
1532 1711 1646 1765 159).

318 1779 507 1820 Ceterum
546 1794 566 1819 e
604 1778 787 1819 litteram
828 1791 909 1831 qua
938 1777 1059 1819 tertia
1091 1791 1263 1833 persona
1299 1778 1405 1833 plur.
1437 1778 1522 1820 ind.
1554 1780 1609 1834 pf.
1642 1784 1720 1820 act.

212 1847 354 1890 finitur
406 1860 611 1902 quamque
650 1851 791 1903 poetae
838 1846 1027 1903 dactylici
1068 1846 1109 1888 in
1158 1846 1302 1902 primis
1352 1847 1564 1890 Lucretius
1606 1847 1721 1903 (vide

208 1916 386 1958 Kuehnii
419 1930 485 1970 qu.
516 1917 635 1957 Lucr.
668 1931 706 1971 p.
739 1915 814 1971 36)
847 1915 956 1956 haud
989 1930 1080 1956 raro
1110 1916 1333 1971 corripiunt
1362 1916 1414 1956 ad
1450 1916 1717 1958 devitandum

204 1985 400 2027 creticum
450 1984 586 2026 versui
638 1984 800 2026 heroico
862 1985 1065 2040 ineptum,
1131 1984 1316 2026 Catullus
1366 1985 1442 2027 hac
1498 1984 1583 2040 lege
1631 1999 1735 2028 sese.

208 2054 429 2097 obstrinxit
456 2058 503 2095 ut
533 2059 763 2095 constanter
794 2053 1033 2109 productam
1067 2059 1258 2094 servaret.

318 2123 408 2164 Iam
438 2121 593 2164 accedit

315 2196 356 2246 β.
390 2191 601 2245 longarum
648 2190 853 2233 vocalium
895 2191 936 2231 in
991 2191 1069 2233 fine
1113 2191 1324 2232 nominum
1364 2190 1575 2247 correptio.
1634 2192 1720 2242 Quo

204 2262 247 2302 in
277 2274 424 2315 genere
460 2259 637 2316 primum
675 2260 843 2313 quidem
884 2259 1293 2302 animadvertendum
1325 2264 1386 2301 est
1415 2259 1596 2301 litteram
1626 2273 1650 2300 a
1678 2259 1721 2301 in
1799 2284 1801 2286 -

202 2330 335 2386 prima
364 2328 634 2371 declinatione
664 2328 835 2370 finalem
867 2328 1042 2385 pondere
1071 2342 1144 2370 suo
1167 2328 1378 2384 paullatim
1400 2327 1500 2370 adeo
1520 2328 1721 2384 privatam

204 2413 296 2441 csse
320 2398 364 2439 in
385 2402 596 2454 poetarum
619 2411 816 2449 sermone,
848 2404 894 2439 ut
914 2412 1042 2453 pauca
1063 2397 1228 2452 quidem
1250 2411 1374 2452 eaque
1396 2397 1435 2438 in
1460 2397 1622 2438 Graecis
1652 2411 1722 2454 po·

203 2467 414 2510 tissimum
456 2465 672 2509 vocabulis
710 2466 973 2509 inveniantur
1003 2467 1154 2509 veteris
1184 2466 1491 2509 consuetudinis
1521 2466 1719 2523 exempla.

205 2536 293 2579 Hoc
322 2535 442 2578 modo
475 2535 664 2578 Catullus
707 2535 820 2578 velut
858 2536 898 2577 in
936 2536 1031 2577 aliis
1062 2535 1246 2578 Lucilius
1283 2536 1497 2577 Lucretius
1527 2535 1721 2577 Horatius

203 2609 392 2661 correpta
438 2604 586 2647 ultima
622 2604 727 2646 dixit
759 2606 947 2646 Pasithea
996 2605 1035 2646 in
1078 2605 1294 2660 galliambo
1324 2603 1473 2655 LXIII,
1512 2605 1591 2647 43:
1635 2608 1722 2655 ,tre—

204 2674 370 2730 pidante
392 2688 485 2716 eum
507 2673 660 2729 recepit
677 2673 752 2715 dea
772 2674 964 2716 Pasithea
984 2674 1105 2725 sinu‘,
1138 2688 1231 2716 cum
1247 2673 1403 2715 Statius
1419 2673 1546 2715 Theb.
1561 2672 1615 2723 II,
1637 2671 1722 2716 286

202 2744 247 2784 in
277 2742 419 2786 eodem
459 2742 625 2784 nomine
656 2742 945 2785 Graecanicam
981 2743 1134 2784 maluit
1171 2742 1439 2797 quantitatem
1478 2741 1594 2796 sequi
1625 2741 1722 2783 scri-

204 2811 335 2855 bendo
365 2812 446 2855 ita:
480 2826 575 2864 ,non
604 2812 681 2855 hoc
710 2811 906 2856 Pasithea
935 2812 1179 2855 blandarum
1209 2811 1343 2868 prima
1373 2814 1580 2855 sororum‘.
1638 2809 1742 2854 Nec¹
1788 2818 1791 2820 ’
1834 2819 1871 2851 ‘t
