1923 3104
883 106 941 155 51

168 234 384 284 distractis
427 236 598 294 syllabis
634 238 833 279 vehemens
871 237 1081 294 impressit
1117 237 1289 278 nimium
1325 233 1443 279 libris
1482 236 1670 288 confisuS,

168 298 278 351 idem
327 308 400 361 qui
447 307 489 348 in
520 306 703 348 Lucretio
733 306 797 348 vel
836 311 975 348 contra
1004 306 1162 348 codices
1193 310 1233 347 et
1263 305 1384 347 Gellii
1434 306 1493 356 11,
1545 306 1593 356 3,
1643 308 1670 348 3

169 366 449 419 testimonium
513 387 674 430 semper
729 374 908 429 syllabas
967 374 1178 417 contraxit.
1265 374 1430 417 Rectius
1486 374 1669 417 Achilles

168 435 326 487 Statius
362 444 566 500 Hauptius
604 442 840 485 Schwabius
889 458 1040 485 vemens
1084 443 1347 498 scripserunt,
1396 457 1498 497 quae
1543 443 1671 484 forma

170 513 292 555 etiam
327 512 495 555 Horatio
536 512 608 566 Ep.
640 511 698 561 II,
732 513 770 563 2,
806 511 887 554 120
916 511 1166 553 restituenda
1195 515 1266 553 est.
1301 537 1351 541 -—
1383 511 1552 553 Accedit
1581 524 1669 567 par-

169 581 296 624 ticula
345 580 587 623 affirmativa
635 595 695 621 mc
741 581 921 631 hercule,
971 593 1076 633 quae
1105 593 1199 621 cum
1229 569 1437 620 elisionem
1468 580 1669 631 admittat,

25 693 41 707 Ι)
69 640 88 705 ¹⁹
168 655 307 693 tamen
336 649 510 703 quodam
542 648 662 690 modo
694 648 773 690 huc
792 648 971 690 revocari
993 653 1140 704 potest.
1190 647 1313 689 Extat
1332 648 1374 689 in
1397 661 1517 689 versu
1539 648 1666 689 altero

0 649 78 796 ἓξ
167 718 359 762 carminis
396 715 614 758 XXXVIII
657 716 884 770 antiquitus
915 717 973 759 sic
1002 717 1176 759 tradito:
1221 716 1383 768 ,malest
1412 730 1476 758 me
1507 716 1670 759 hercule

0 774 70 823 55³⁴*-
169 794 223 836 et,
239 786 465 837 laboriose‘,
498 799 576 839 quo
597 786 682 828 loco
704 800 794 827 cum
815 786 952 841 plures
974 786 1270 842 pervincendae
1289 785 1370 826 sint
1392 785 1669 837 difficultates,

167 855 325 898 diutius
356 856 595 897 commorari
626 868 727 910 opus
757 858 828 896 est.
885 855 1069 897 Primum
1099 854 1207 896 enim
1236 859 1283 896 ut
1309 854 1391 895 iam
1421 855 1669 906 monuimus,

169 924 205 965 si
235 923 474 980 particulam
505 922 621 964 illam
651 923 692 963 in
723 923 824 964 duas
845 928 977 978 partes
999 924 1187 975 secernis,
1218 923 1462 979 synaloephe
1483 924 1668 974 efficitur,

168 1006 308 1034 rursus
330 993 365 1034 si
385 993 427 1034 in
448 1006 569 1033 unam
592 991 808 1033 dictionem
830 993 1014 1043 conectis,
1038 992 1161 1034 elisae
1175 994 1199 1032 h
1215 992 1373 1034 litterae
1387 992 1670 1047 vocaliumque

169 1061 489 1115 conliquentium
540 1060 651 1101 locus
702 1066 776 1102 est.
835 1061 884 1102 Et
926 1061 1025 1102 haec
1063 1061 1228 1115 quidem
1259 1061 1360 1102 ratio
1391 1061 1492 1102 mihi
1525 1061 1668 1116 proba-

170 1129 295 1173 bilior
325 1129 488 1172 videtur
523 1134 735 1185 propterea
777 1131 882 1184 quod
928 1130 1090 1172 brevior
1127 1132 1300 1171 mercule
1338 1130 1535 1186 scriptura
1563 1129 1668 1171 haud

171 1212 257 1240 raro
306 1199 457 1252 legitur
506 1202 664 1240 tantum
713 1212 793 1240 non
823 1199 933 1254 apud
963 1199 1166 1241 scaenicos
1196 1199 1384 1252 antiquos
1413 1202 1518 1240 teste
1549 1199 1671 1239 Lach-

167 1279 314 1307 manno
353 1267 410 1307 ad·
440 1267 557 1307 Lucr.
591 1280 627 1321 p.
664 1268 755 1308 152.
819 1267 878 1308 lta
909 1267 1115 1308 Phaedrus
1145 1267 1404 1321 trisyllabum
1436 1266 1579 1308 fecisse
1610 1280 1669 1307 re-

166 1334 323 1390 peritur
371 1340 531 1390 praeter
590 1335 667 1378 fab.
720 1335 865 1378 Perott.
908 1335 1028 1376 VIIII
1079 1335 1218 1390 (XII),
1270 1336 1295 1377 3
1341 1349 1392 1375 ex
1437 1334 1497 1375 ed.
1543 1334 1668 1377 Sibel.

167 1417 349 1454 ,sonuere
379 1409 524 1446 tactae.
583 1403 699 1445 Bella
729 1417 791 1444 res
821 1404 1082 1445 mehercules‘
1114 1405 1164 1447 cf.
1195 1404 1239 1445 L.
1267 1403 1492 1444 Muellerus
1522 1417 1560 1459 p.
1585 1404 1668 1446 254

166 1471 259 1525 qui.
285 1472 328 1513 in
357 1486 476 1514 versu
507 1472 733 1514 Catulliano
770 1471 823 1513 ad
851 1472 1067 1514 molestum
1101 1472 1164 1514 vel
1194 1472 1332 1528 potius
1361 1472 1556 1514 vitiosum
1587 1471 1670 1513 hia-

165 1545 251 1582 tum
301 1540 387 1583 loco
437 1541 726 1583 removendum
775 1543 1014 1583 mehercules
1044 1541 1301 1584 scribendum
1331 1541 1501 1597 putavit.
1560 1540 1670 1582 Haec

165 1609 275 1651 enim
324 1610 454 1652 altera
504 1610 688 1664 quaestio
739 1617 800 1651 est
847 1610 946 1652 satis
994 1610 1220 1666 implicata,
1270 1611 1314 1652 in
1345 1624 1465 1664 quam
1494 1609 1668 1650 multum

167 1690 310 1733 operae
357 1678 611 1721 contulerunt
648 1678 726 1719 viri
764 1678 902 1720 critici.
963 1678 1143 1728 Quorum
1188 1684 1323 1721 tamen
1369 1677 1668 1720 emendationes

167 1751 207 1787 et
238 1747 529 1801 explicationes
562 1747 699 1788 videor
736 1747 842 1788 mihi
872 1747 1008 1802 aptius
1038 1761 1242 1789 rosensem
1272 1748 1389 1797 infra,
1421 1747 1492 1787 ubi
1524 1746 1572 1787 de
1602 1750 1669 1786 ad-

169 1814 295 1857 misso
338 1814 568 1870 evitatoque
598 1814 713 1856 hiatu
745 1815 869 1857 verba
906 1815 1063 1858 faciam.
1096 1841 1148 1846 —
1180 1815 1272 1857 Jam
1303 1820 1455 1857 restant
1484 1814 1667 1869 exempla

0 1867 37 1940 J
85 1905 88 1909 ·
168 1883 449 1938 superioribus
479 1884 706 1924 consimilia
735 1884 818 1925 fero
849 1884 967 1925 haec:
1000 1884 1242 1925 semihiante
1272 1884 1372 1935 LXI,
1393 1884 1487 1926 220.
1511 1882 1573 1922 nil
1594 1895 1667 1937 pro

1 1948 16 1956 ”
165 1949 270 1993 nihil
301 1950 378 2002 VI,
421 1952 484 1995 12.
535 1951 674 2002 XVII,
715 1953 782 1994 21.
810 1959 812 1961 ’
836 1952 970 2002 ΧΧΧ,
1003 1953 1038 1994 2.
1088 1952 1307 2004 XXXXII,
1340 1953 1404 1994 21.
1456 1950 1566 2002 LXI,
1598 1952 1667 1994 61.

168 2019 340 2069 LXIIII,
383 2022 476 2063 146.
507 2020 718 2071 LXVIIP,
763 2022 826 2062 77.
860 2020 1131 2072 LXXXXIII,
1165 2025 1200 2063 1.
1232 2020 1333 2061 alibi
1363 2033 1522 2075 semper
1551 2021 1666 2070 nihil,

166 2100 284 2143 porro
314 2087 398 2130 nilo
429 2088 493 2129 bis
524 2087 807 2140 LXXXXVII,
841 2090 867 2132 3
893 2089 964 2131 ubi
994 2088 1166 2130 alterum
1196 2089 1403 2143 nz'lostque
1433 2101 1482 2129 ex
1504 2086 1668 2129 Germa-

0 2199 10 2216 η
167 2155 305 2198 nensis
328 2155 548 2198 Colbertini
570 2157 806 2199 Santeniani
836 2157 1003 2199 lectione
1033 2158 1228 2212 nobisque
1257 2157 1407 2213 optime
1430 2156 1668 2199 Schwabius

0 2215 33 2281 {if
74 2219 86 2243 ³
124 2278 128 2282 .
169 2224 414 2267 emendavit.
476 2225 556 2267 Sed
605 2226 864 2281 trisyllabum
907 2228 1031 2268 nihilo
1082 2230 1217 2282 aperte
1258 2225 1440 2267 Catullus
1487 2225 1590 2267 dixit
1625 2225 1668 2267 in

0 2290 48 2353 ‘1³22'
99 2341 103 2344 q
165 2293 508 2350 hendecasyllabo
534 2294 723 2346 XXVIII,
758 2296 809 2337 12
840 2301 881 2338 et
910 2295 953 2337 in
981 2295 1174 2351 glyconeo
1208 2294 1315 2346 LXI,
1352 2295 1430 2337 197
1461 2294 1511 2336 cf.
1545 2293 1668 2336 Lach-

0 2359 41 2426 ³J
165 2372 338 2405 mannus
386 2362 436 2404 ad
474 2363 586 2407 Lucr.
625 2378 664 2419 p.
702 2364 757 2407 28
795 2365 865 2418 qui
902 2369 1061 2420 praeter
1090 2364 1192 2406 alios
1222 2363 1452 2405 Lucretium
1483 2363 1667 2406 diversas

16 2430 25 2447 '‘
96 2441 101 2449 “
167 2429 287 2472 huius
317 2431 427 2473 vocis
458 2431 609 2474 formas
640 2432 791 2486 ubique
822 2433 1068 2475 contraxisse
1099 2433 1281 2475 affimat.
1332 2431 1414 2474 Nec
1433 2432 1667 2489 repudiavit

0 2462 14 2483 a
39 2483 42 2487 .

0 2520 60 2544 a,
164 2499 492 2554 monosyllabum
543 2501 579 2542 is
628 2502 697 2555 qui
748 2502 874 2543 Cirim
919 2502 1083 2558 scripsit
1124 2507 1163 2542 et
1192 2501 1429 2554 frequenter
1461 2501 1665 2543 Catullum

0 2544 66 2632 ἱ
92 2610 94 2613 ,
166 2566 362 2609 imitando
395 2570 596 2624 expressit
632 2570 730 2612 locis
768 2570 850 2612 his:
900 2572 995 2613 261.
1027 2570 1123 2612 234.
1155 2569 1250 2612 338.
1282 2570 1379 2613 404.
1411 2570 1583 2624 denique
1613 2574 1670 2610 mi

0 2634 37 2689 [ἕξ
169 2634 230 2676 vel
260 2639 339 2677 mei
366 2649 440 2691 pro
470 2640 571 2678 mihi
596 2644 715 2694 poeta
740 2641 790 2681 ob
821 2639 1029 2681 metricam
1060 2638 1341 2680 necessitatem
1361 2638 1461 2679 adeo
1485 2638 1664 2692 frequen-

0 2687 57 2805 {3³32
165 2708 235 2754 tat,
268 2708 312 2746 ut
340 2706 536 2761 exemplis
567 2707 609 2749 id
638 2710 810 2763 probare
841 2708 1008 2750 minime
1037 2721 1199 2750 necesse
1231 2708 1296 2751 sit.

17 2767 55 2832 *J
282 2773 480 2816 Venimus
500 2790 606 2818 nunc
617 2777 667 2818 ad
682 2777 723 2818 id
741 2791 868 2830 genus
887 2777 1173 2819 contractionis
1195 2791 1274 2831 quo
1297 2778 1398 2818 duae
1414 2776 1571 2818 vocales
1587 2776 1665 2819 alia

1 2836 79 2905 3⁸3„
128 2885 132 2888 ,
166 2840 302 2883 littera
322 2856 403 2884 non
424 2843 699 2887 intercedente
729 2852 984 2888 concurrunt.
1026 2846 1067 2888 Si
1086 2846 1258 2888 eundem
1274 2860 1415 2889 sonum
1432 2845 1583 2887 habent
1598 2845 1665 2886 vel

36 2908 47 2925 ρ
128 2904 131 2907 Α
