1923 3104
240 216 404 273 saepius
436 216 598 259 Catullo
629 218 795 259 fluctuat
822 216 1038 259 Lucretius
1069 217 1141 271 qui
1171 221 1390 274 praeeunte
1418 217 1551 262 Ennio
1581 233 1674 262 ann.
1693 204 1751 277 *ἔξ

237 291 279 328 et
306 290 408 341 trag.
448 287 533 329 260
564 291 726 340 potitum
764 286 910 328 tertiae
949 285 1140 329 attribuit
1181 284 1455 341 coniugationi
1491 287 1533 329 in
1569 287 1625 341 II,
1667 286 1751 331 653
1817 275 1842 330 '³2'

237 354 425 408 quamvis
465 355 508 395 in
551 354 699 396 ceteris
741 368 844 408 quae
883 354 962 395 huc
997 353 1197 409 pertinent
1234 355 1371 396 verbis
1400 358 1486 395 tam
1512 354 1753 419 longepre-

237 436 421 477 gressus,
472 427 519 464 ut
555 428 696 479 poetas
727 423 901 465 comicos
932 422 1151 478 epicosque
1183 421 1218 463 si
1248 436 1329 464 non
1359 436 1571 478 superare,
1614 428 1753 467 tamen

238 505 464 546 exaequare
508 491 746 548 reperiatur.
819 491 1051 533 Generatim
1090 490 1139 532 de
1177 490 1252 532 hoc
1288 491 1564 533 fluctuationis
1604 491 1751 547 genere

239 561 332 602 vide
362 561 553 602 Corsseni
584 561 716 615 symb.
748 560 830 603 crit.
864 575 904 616 p.
937 559 1019 602 538
1053 573 1125 613 sq,
1157 559 1325 615 Reisigii
1355 560 1478 603 schol.
1510 561 1596 603 Lat.
1619 561 1645 617 ξ
1671 558 1750 604 152

238 630 374 685 p.250
395 642 452 683 sq,
465 643 555 670 cum
570 629 715 670 Haasii
732 634 828 670 nota
843 626 940 681 293,
962 629 1216 671 Lachmanni
1232 642 1373 670 comm.
1388 628 1499 670 Lucr.
1514 629 1562 682 V,
1581 629 1676 671 768.
1694 655 1748 661 —·-
1786 673 1788 675 ,
1825 653 1874 685 .χ
1894 653 1896 657 -

238 697 409 751 Collegit
438 697 624 752 exempla
652 697 763 738 Neue
793 697 833 738 II
863 712 903 752 p.
935 699 1020 741 320
1049 710 1135 750 sqq.
1846 692 1854 702 ²

352 765 438 807 Iam
470 769 597 807 restat
628 778 793 829 seorsus
824 764 1108 821 exponendum

1872 871 1896 889 τι,
1909 859 1919 878 Ὺ

811 902 850 938 d.
897 902 953 937 De
977 901 1178 938 adverbio.
1852 892 1923 962 (ἢ

360 983 500 1038 Neque
531 996 625 1024 vero
656 982 701 1023 in
731 982 866 1024 animo
898 987 960 1023 est
989 981 1039 1023 de
1068 981 1193 1023 variis
1224 981 1508 1024 adverbiorum
1537 982 1752 1037 generibus
1827 999 1831 1003 ·
1858 969 1923 1046 ἓξ

242 1050 406 1106 plenius
438 1065 546 1092 nunc
582 1051 830 1105 disquirere,
874 1050 1053 1105 primum
1093 1050 1201 1104 quod
1238 1064 1317 1092 non
1354 1050 1412 1091 ita
1438 1064 1584 1105 magna
1613 1064 1751 1092 eorum
1835 1047 1923 1118 ’ἒ

237 1119 374 1160 minus
410 1119 654 1160 usitatorum
699 1118 816 1174 copia
853 1123 1009 1174 prostat
1039 1119 1081 1159 in
1113 1118 1264 1159 Catulli
1295 1119 1561 1169 carminibus,
1605 1118 1751 1160 deinde
1882 1146 1922 1163 a

239 1201 289 1229 ne
318 1187 430 1241 ligna
464 1188 506 1230 in
545 1187 692 1230 silvam
729 1188 831 1229 ferre
873 1187 1086 1229 videamur
1122 1192 1215 1243 post
1244 1201 1291 1229 ea
1321 1200 1425 1242 quae
1466 1186 1547 1229 iam
1578 1189 1629 1230 ab
1659 1186 1752 1229 aliis

239 1256 289 1297 de
320 1256 396 1298 hac
425 1271 467 1298 re
497 1257 586 1298 fuse
617 1256 860 1312 copioseque
892 1256 1100 1311 disputata
1126 1260 1232 1298 sunt.
1272 1256 1414 1310 Itaque
1434 1256 1534 1297 satis
1554 1256 1753 1298 habemus
1816 1287 1819 1290 -

241 1339 289 1367 ea
318 1330 480 1367 tantum
511 1325 707 1368 adverbia
736 1325 915 1381 proferre
948 1337 1051 1378 quae
1082 1325 1132 1367 ob
1163 1324 1364 1367 maiorum
1396 1324 1598 1380 quandam
1634 1338 1753 1367 vene·

240 1394 440 1435 rationem
471 1400 512 1435 et
543 1394 849 1436 observantiam
881 1407 931 1434 ex
960 1394 1180 1435 uberrimis
1209 1394 1369 1448 priscae
1388 1393 1553 1446 linguae
1574 1393 1773 1437 fontibus·
1869 1377 1923 1428 μ

239 1462 424 1504 Catullus
456 1462 595 1505 hausit
625 1461 855 1518 improbata
884 1461 1051 1516 quidem
1081 1461 1347 1518 posteriorum
1373 1475 1464 1515 usu,
1495 1461 1566 1504 sed
1586 1461 1754 1504 minime
1871 1453 1923 1525 ,J

239 1531 587 1586 reprehendenda.
643 1531 897 1585 Quamquam
927 1530 1055 1572 multo
1086 1520 1238 1572 cautior
1258 1537 1425 1572 eatenus
1454 1530 1533 1572 fuit
1553 1530 1754 1583 Lucretio,
1882 1520 1923 1576 ἓέἱ

245 1600 317 1654 qui
357 1614 450 1642 cum
480 1599 695 1642 materiam
725 1599 847 1656 plane
883 1599 1037 1642 diversi
1079 1599 1240 1654 generis
1286 1603 1477 1642 tractaret
1505 1599 1755 1655 eandemque

238 1668 381 1710 rudem
411 1673 533 1723 atque
563 1668 776 1719 incultam,
810 1669 947 1724 ,patrii
976 1669 1176 1711 sermonis
1198 1673 1384 1723 egestate‘
1415 1682 1540 1723 quam
1562 1668 1753 1724 pluribus

241 1737 342 1779 locis
371 1742 507 1792 aperte
538 1738 811 1791 conqueritur,
844 1737 1083 1793 saepissime
1105 1739 1322 1792 cogebatur
1343 1752 1436 1779 cum
1457 1737 1538 1779 alia
1557 1737 1757 1781 vocabula
1782 1769 1784 1772 v
1803 1760 1805 1762 v

240 1815 329 1848 tum
359 1806 538 1847 maxime
559 1805 756 1849 adverbia
775 1805 828 1847 ad
850 1806 1009 1861 regulas
1039 1807 1249 1861 analogiae
1269 1820 1407 1848 recens
1434 1806 1582 1860 fingere
1603 1805 1756 1848 collata

238 1874 405 1928 quidem
435 1888 459 1915 a
489 1874 792 1927 Bonterwekio‚
828 1876 944 1917 Lucr.
967 1877 1131 1926 Quaest.
1153 1876 1273 1930 p.','40
1295 1880 1335 1916 et
1361 1874 1518 1916 Prollio
1535 1874 1561 1915 l.
1578 1888 1617 1915 n.
1633 1888 1672 1929 p.
1686 1875 1752 1918 55.

243 1942 322 1985 His
372 1942 613 1999 praemissis
653 1943 705 1985 ad
745 1943 1003 2000 propositum
1042 1949 1089 1986 ut
1132 1942 1393 1994 accedamus,
1437 1956 1500 1985 res
1540 1941 1756 1986 notissima
1823 1940 1841 2000 J

240 2017 303 2053 est
360 2012 404 2053 in
462 2026 545 2053 non
603 2012 726 2054 nullis
787 2012 1001 2054 adiectivis
1059 2012 1241 2054 accidere
1290 2017 1336 2054 ut
1395 2012 1492 2053 licet
1547 2012 1580 2052 O
1597 2035 1611 2043 -
1632 2011 1756 2053 decli-

240 2080 447 2123 nationem
497 2086 728 2137 sequantur,
780 2086 915 2124 tamen
965 2081 1159 2126 adverbia
1208 2081 1331 2124 etiam
1382 2081 1451 2123 in·
1468 2085 1527 2122 ter
1582 2080 1755 2123 formata
1781 2098 1784 2103 ·
1844 2079 1879 2116 <fi

243 2150 474 2201 admittant,
508 2150 580 2191 sed
610 2150 669 2191 ita
698 2155 744 2192 ut
775 2150 939 2205 vulgata
969 2155 1009 2193 et
1028 2151 1226 2205 regularis
1247 2166 1267 2192 e
1286 2150 1515 2192 terminatio
1537 2150 1580 2191 in
1601 2149 1756 2192 eisdem
1781 2156 1788 2178 ἵ
1815 2160 1817 2171 ³
1837 2141 1892 2187 *⁷5:2³

242 2219 378 2261 locum
407 2219 554 2261 habere
584 2233 667 2262 non
698 2219 866 2263 desinat.
908 2219 969 2261 Ex
989 2233 1129 2262 eorum
1149 2233 1319 2262 numero
1340 2233 1444 2274 quae
1465 2219 1507 2261 in
1528 2233 1755 2262 sermonem
1858 2214 1867 2223 ,

241 2288 452 2329 florentem
495 2288 762 2339 transierunt,
804 2302 886 2329 non
916 2302 1024 2344 opus
1062 2294 1125 2329 est
1154 2288 1316 2342 singula
1344 2288 1486 2329 afferre
1516 2286 1679 2341 quando
1710 2287 1755 2329 in

240 2356 392 2411 vulgus
437 2357 596 2410 cognita
633 2362 728 2398 sunt
765 2357 814 2400 cf.
846 2357 1017 2412 Reisigii
1047 2357 1173 2399 schol.
1203 2357 1290 2399 Lat.
1323 2361 1349 2410 ξ
1379 2356 1460 2399 134
1490 2371 1530 2412 p.
1554 2355 1649 2400 208.
1700 2380 1751 2386 -—
1920 2401 1923 2412 ,

240 2426 364 2469 Prisc.
388 2425 478 2475 XV,
513 2425 551 2476 3,
588 2425 653 2466 13.
697 2425 776 2467 Sed
808 2440 899 2468 cum
921 2426 1129 2482 prioribus
1159 2425 1300 2480 qualia
1321 2425 1504 2467 Catullus
1524 2425 1756 2468 communia
1781 2436 1783 2439 ’
1820 2415 1921 2475 ,3333

241 2495 366 2537 habet
396 2494 484 2536 eius
527 2494 641 2536 modi
686 2494 881 2548 adverbia
916 2501 1058 2551 postea
1087 2494 1348 2545 obsolefacta,
1396 2493 1495 2536 talia
1530 2498 1629 2536 sunt
1656 2508 1754 2550 pau-

247 2563 437 2605 cissima:
488 2566 689 2604 miscriter
718 2563 867 2615 LXIII,
888 2564 944 2604 49
976 2568 1021 2605 ut
1040 2563 1196 2604 Ennius
1216 2567 1321 2605 teste
1341 2562 1548 2604 Prisciano
1570 2563 1589 2603 Ι
1608 2576 1648 2618 p.
1669 2564 1752 2606 621
1816 2619 1818 2621 ,

246 2632 294 2675 Κ.
324 2637 365 2674 et
393 2632 489 2675 Dec.
512 2632 611 2674 Lab.
633 2633 700 2675 60.
744 2631 851 2673 Tum
873 2636 1044 2686 puriter
1071 2632 1135 2675 bis
1157 2632 1413 2684 XXXVIIII,
1447 2634 1501 2675 14
1521 2637 1561 2674 et
1582 2630 1755 2673 LXXVI
1780 2689 1781 2692 Ἴ

246 2701 297 2743 19
329 2701 380 2744 cf.
409 2701 549 2757 Pomp.
583 2700 684 2742 Bon.
719 2702 783 2744 10.
807 2700 911 2744 Nov.
932 2701 984 2742 97
1017 2715 1063 2743 ac
1084 2705 1318 2756 properiter
1347 2701 1390 2743 in
1416 2701 1641 2756 fragmento
1660 2700 1755 2745 hoo:
1780 2730 1804 2741 .»

244 2770 445 2822 ,animula
495 2769 692 2811 miserula
740 2771 968 2826 properiter
1017 2771 1135 2812 abiit‘
1185 2771 1234 2814 cf.
1266 2770 1423 2812 Nonius
1458 2785 1497 2826 p.
1527 2771 1626 2821 517,
1662 2760 1909 2831 enimse
