1923 3104
940 12 1005 96 70¹

1760 144 1836 167 „h

213 175 310 227 XII,
363 175 388 218 2
434 175 477 217 in
526 175 614 218 ioco
663 181 786 232 atque
830 177 939 221 vino.
990 176 1200 229 XXXXV,
1242 180 1270 223 3
1300 192 1392 221 amo
1421 184 1542 236 atque
1569 182 1722 226 amore.

213 244 281 296 CI,
304 246 358 287 10
377 258 453 287 ave
474 249 600 299 atque
620 245 714 288 vale
736 246 806 300 (de
826 246 913 289 loco
930 246 1172 298 Quintiliani
1191 248 1225 300 Ι,
1248 248 1287 300 6,
1309 249 1360 291 21
1381 247 1473 289 vide
1494 247 1647 304 supra).
1665 271 1722 278 —

213 313 300 355 Iam
349 313 635 369 monosyllaba
675 315 783 370 quod
829 314 994 366 attinet,
1045 315 1173 358 solam
1203 321 1240 358 et
1269 315 1507 372 particulam
1537 329 1611 358 nec
1641 329 1721 374 non

212 381 552 438 praepositionem
603 397 655 424 ea:
705 397 795 425 cum
833 383 1020 425 iambicis
1056 385 1270 427 verborum
1310 384 1449 428 formis
1480 388 1600 440 poeta
1629 398 1722 429 cons-
1784 381 1792 400 *
1815 371 1873 443 ἵζ’

212 449 436 504 glutinavit
465 450 582 491 cuius
613 451 673 492 rei
703 457 942 505 argumento
973 456 1088 494 sunt:
1121 452 1214 495 saba
1244 458 1286 495 et
1304 452 1456 509 lapillis
1475 451 1630 503 XXIII,
1652 452 1719 505 21,
1780 505 1782 507 ,

212 532 302 560 meo
333 523 373 560 et
401 518 574 561 Fabullo
604 519 849 573 XXXXVII,
882 522 918 563 3.
953 521 1052 562 Cato
1084 526 1124 562 et
1154 522 1328 563 iocosam
1349 521 1454 571 LVI,
1489 522 1523 563 1.
1550 520 1671 563 modo
1699 535 1721 562 e
1804 504 1874 571 ζῗ,

212 601 361 630 corona
413 587 530 640 LIII,
582 593 612 632 l.
658 593 810 643 quanta
839 588 882 630 in
911 602 1047 631 amore
1078 593 1147 631 tuo
1179 604 1227 632 ex
1259 594 1370 645 parte
1402 588 1647 642 LXXXVII,
1677 588 1718 632 4.
1783 595 1786 598 “
1833 574 1884 646 ἶ,

213 657 379 699 Praeter
429 656 503 698 has
548 657 714 699 voculas
765 658 908 701 dubito
954 658 1142 713 equidem
1174 672 1271 700 num
1303 663 1407 700 recte
1437 658 1720 700 Lachmannus
1854 645 1884 657 ”

210 726 235 767 l.
282 740 321 767 n.
364 741 403 781 p.
440 726 520 769 198
552 731 693 782 poetae
723 727 988 783 adscripserit
1016 730 1070 769 ad
1098 727 1462 784 praepositionem,
1506 726 1616 769 idem
1647 727 1720 781 qui

210 799 249 835 et
299 793 543 850 particulam
594 799 745 836 temere
794 796 946 838 omisit.
1008 796 1112 838 Nam
1155 797 1261 851 quod
1293 796 1419 837 semel
1450 796 1499 847 X,
1529 796 1583 839 26
1615 800 1720 837 certe

212 862 315 914 ,volo
359 862 411 916 ad
444 863 643 918 Serapim‘
690 864 866 919 scripsit,
910 865 1003 907 lieet
1031 865 1136 906 illud
1166 867 1218 906 ad
1246 864 1417 906 minoris
1448 863 1639 919 ponderis
1668 863 1722 906 sit

213 930 478 982 vocabulum,
528 936 663 974 tamen
714 946 795 974 non
845 933 966 976 aliter
1005 933 1084 975 nisi
1115 939 1298 989 correpta
1328 932 1440 975 verbi
1471 931 1632 986 syllaba
1661 945 1721 974 se·

210 999 344 1042 cunda
373 1000 436 1043 uti
467 1001 615 1057 potuit,
647 1001 810 1055 quando
840 1002 1003 1056 quidem
1034 1002 1135 1044 alias
1157 1002 1309 1057 ubique
1330 1003 1417 1043 volo
1438 1000 1719 1057 pyrrhichiace

210 1068 374 1113 extulit.
406 1095 461 1100 —
491 1069 613 1113 Porro
656 1069 705 1112 de
737 1070 945 1113 vocabulis
992 1070 1339 1127 hyperdisyllabis
1380 1069 1612 1112 addendum
1656 1074 1719 1112 est
1876 1116 1878 1119 ,
1920 1123 1922 1126 .

211 1138 398 1181 omnium
428 1139 607 1182 maxime
630 1140 791 1183 Catullo
822 1140 1025 1196 placuisse
1056 1155 1194 1183 eorum
1225 1155 1315 1182 cum
1346 1140 1530 1183 iambicis
1551 1139 1720 1183 vocibus
1880 1130 1923 1183 ’ὲ

210 1207 525 1263 copulationem.
619 1209 705 1258 Quo
772 1210 816 1250 in
874 1223 1018 1263 genere
1078 1210 1204 1251 semel
1263 1209 1399 1264 posuit
1457 1208 1718 1263 trisyllabum
1877 1206 1900 1222 '²'

210 1276 346 1329 LXII,
398 1279 472 1320 33:
525 1291 701 1332 namque
743 1283 814 1320 tuo
845 1278 1033 1321 adventu.
1069 1279 1187 1332 longe
1219 1278 1381 1333 saepius
1413 1276 1718 1332 quadrisyllaba

210 1345 325 1387 velut
360 1345 464 1397 IlII,
514 1347 563 1388 17
605 1350 675 1389 tuo
715 1347 923 1389 imbuisse.
956 1347 1005 1400 X,
1038 1349 1063 1390 2
1095 1361 1116 1388 e
1146 1347 1230 1388 foro
1261 1347 1447 1388 otiosum.
1479 1345 1567 1396 XV,
1619 1346 1644 1387 8
1676 1345 1719 1386 in

209 1428 389 1457 re—sua
419 1415 613 1470 occupati.
630 1415 779 1466 XXII,
812 1417 835 1457 7
869 1416 965 1458 novi
995 1416 1189 1458 umbilici.
1223 1416 1266 1467 L,
1292 1419 1309 1458 1
1336 1415 1402 1456 die
1424 1414 1558 1457 otiosi.
1582 1414 1669 1465 CII,
1691 1415 1719 1456 4

210 1488 310 1540 puta
352 1483 661 1539 Harpocratem.
722 1483 912 1526 Ceterum
956 1490 1124 1527 eatenus
1161 1497 1321 1539 quoque
1353 1483 1561 1525 Catullum
1593 1481 1719 1525 semel

209 1552 406 1594 imitando
438 1552 637 1608 expressit
672 1553 707 1594 is
738 1553 809 1607 qui
831 1553 944 1595 Cirin
965 1553 1128 1608 scripsit
1150 1566 1270 1594 versu
1293 1553 1367 1594 95:
1400 1565 1487 1593 meo
1520 1551 1716 1594 inficiunt.

208 1620 468 1676 Quamquam
499 1621 696 1663 vocabula
725 1621 853 1665 iambi
884 1622 1001 1678 pedis
1033 1635 1224 1664 mensura
1256 1620 1547 1677 comprehensa
1577 1634 1718 1664 omnes

208 1689 371 1732 classici
400 1694 542 1745 poetae
573 1689 788 1744 diligenter
818 1695 1014 1733 caverunt
1044 1705 1094 1732 ne
1125 1704 1195 1746 per
1225 1689 1546 1745 synecphonesin
1578 1703 1715 1731 conso·

208 1758 360 1801 ciarent
391 1772 483 1801 cum
515 1758 678 1815 syllaba
707 1764 827 1801 acuta
865 1773 946 1814 qua
980 1760 1197 1814 insequens
1228 1772 1305 1801 vox
1344 1758 1527 1814 incipiat,
1558 1772 1718 1815 semper

207 1840 256 1869 ea
283 1826 328 1868 in
358 1841 400 1869 re
430 1827 593 1870 hiatum
622 1828 899 1884 praeferentes
931 1828 981 1870 de
1012 1842 1090 1884 quo
1120 1828 1260 1885 paullo
1292 1833 1384 1883 post
1413 1840 1591 1881 agemus.

323 1895 372 1937 In
420 1897 659 1939 universum
703 1901 810 1939 certe
855 1897 991 1951 negari
1021 1910 1101 1939 non
1133 1902 1267 1953 potest
1295 1910 1413 1938 omne
1443 1910 1570 1950 genus
1600 1911 1718 1952 syna-

209 1964 377 2020 loephes
427 1965 643 2008 molestum
693 1980 782 2007 esse
831 1965 1027 2020 quiddam
1071 1971 1112 2007 et
1148 1979 1274 2021 prope
1305 1964 1559 2008 intolerabile
1589 1978 1719 2020 eoque
1875 2019 1900 2023 .

213 2033 409 2075 maiorem
452 2048 645 2076 versuum
696 2034 871 2076 nitorem
912 2048 1002 2076 esse
1041 2040 1162 2088 atque
1192 2034 1367 2089 speciem
1399 2047 1478 2088 quo
1507 2033 1719 2088 aequalius
1790 2078 1793 2079 ⁷

207 2101 428 2156 procedant
458 2107 500 2144 et
529 2102 647 2156 quasi
676 2101 883 2162 profluant
911 2102 1026 2144 nulla
1046 2102 1236 2158 impediti
1258 2102 1497 2144 difficultate
1517 2100 1718 2144 vocalium
1850 2094 1857 2101 ’
1898 2093 1904 2101 ι

207 2183 556 2226 consonarumque
594 2171 758 2228 propria
788 2171 830 2213 vi
867 2176 906 2213 et
940 2170 1078 2214 indole
1109 2185 1231 2227 quam
1261 2171 1438 2213 maxime
1469 2174 1716 2214 conservata.

206 2238 284 2280 His
334 2239 457 2295 igitur
486 2240 707 2283 virtutibus
751 2241 943 2295 quoniam
992 2240 1130 2282 minus
1173 2244 1353 2296 praestat
1388 2240 1524 2294 lingua
1561 2239 1716 2290 Latina,

206 2311 354 2363 poetae
384 2322 482 2351 vero
503 2309 637 2351 Latini
667 2314 707 2351 et
735 2310 813 2365 ipsi
840 2311 1005 2352 fuerunt
1025 2309 1194 2351 auribus
1215 2309 1413 2352 teretibus
1436 2324 1482 2351 ac
1502 2308 1716 2363 religiosis,
1743 2322 1745 2325 ’

206 2389 288 2418 non
325 2377 460 2432 potuit
498 2391 594 2420 sane
625 2377 713 2419 fieri
743 2378 841 2433 quin
873 2392 1031 2421 summo
1063 2392 1181 2434 opere
1212 2377 1423 2420 studerent
1452 2377 1664 2420 elisionem
1693 2391 1718 2420 a

207 2445 394 2487 versibus
444 2447 533 2488 suis
575 2447 800 2490 excludere.
860 2448 908 2488 In
949 2462 1027 2501 quo
1070 2447 1185 2489 licuit
1229 2447 1280 2488 iis
1317 2446 1492 2488 remedio
1522 2446 1584 2488 uti
1614 2446 1716 2489 satis

206 2513 406 2570 parabili,
457 2528 603 2571 nempe
652 2515 850 2558 truncatis
892 2515 1008 2559 verbi
1046 2515 1291 2558 substantivi
1332 2514 1475 2558 formis
1504 2530 1547 2557 es
1576 2520 1617 2557 et
1645 2519 1714 2560 est.

207 2583 361 2624 Verum
412 2583 519 2625 enim
560 2598 656 2626 vero
693 2598 797 2639 quae
828 2589 1038 2639 poetarum
1070 2584 1166 2626 olim
1197 2583 1401 2626 scribendi
1430 2584 1534 2627 ratio
1564 2584 1642 2626 fuit
1669 2598 1718 2626 ea

205 2651 426 2693 maximam
439 2658 597 2708 partem
611 2652 711 2695 adeo
728 2653 943 2696 obscurata
962 2658 1002 2695 et
1021 2667 1147 2709 paene
1168 2652 1403 2696 oblitterata
1423 2657 1487 2695 est
1502 2652 1568 2695 vel
1584 2652 1716 2709 negle-

204 2720 343 2773 gentia
357 2720 422 2762 vel
440 2734 556 2763 caeco
577 2721 839 2764 librariorum
855 2724 1025 2778 impetu,
1046 2727 1094 2764 ut
1114 2734 1185 2778 pro
1199 2726 1400 2764 vetustate
1418 2721 1601 2764 codicum
1615 2736 1713 2765 msa.
1875 2768 1905 2780 ..

204 2788 322 2844 plura
352 2789 593 2844 pauciorave
628 2789 752 2832 etiam
789 2804 897 2832 nunc
929 2790 1138 2847 supersint
1176 2790 1367 2844 antiquae
1408 2790 1715 2834 consuetudinis
1765 2816 1796 2827 'a
1806 2790 1901 2853 '⁴14'
