1923 3104
105 3 124 35 Ἀ
222 1 290 28 ‘as-³?
406 8 411 13 ·
430 2 467 29 ‘⁵4'
481 7 505 27 3:-
520 6 530 11 ⁷*
548 2 557 6 “
596 10 607 21 ,a
693 15 695 17 .
759 2 770 18 ⁷:
876 3 879 7 ·
903 18 905 20 ,

93 34 217 110 :2³5³
299 46 302 49 ’
471 69 474 71 ·
695 90 701 95 .
891 65 943 110 71

73 121 125 140 5⁴32
191 129 198 132 r

37 179 133 246 f<
171 191 358 248 vestigia,
374 206 423 235 ex
439 192 586 249 quibus
600 192 776 249 genuina
794 196 1007 249 poetarum
1020 191 1143 235 verba
1154 191 1315 235 restitui
1331 191 1501 248 possint.
1532 191 1584 234 Et
1596 191 1670 234 hoc

99 281 109 302 e
171 260 336 316 quidem
367 276 460 306 cum
488 262 531 304 in
560 262 667 305 alios
696 266 786 304 tum
815 261 1029 318 praecipue
1059 260 1229 315 quadrat
1257 263 1299 302 in
1320 260 1524 303 Catullum
1547 273 1667 315 quem

104 332 109 337 “
171 329 213 372 in
250 329 336 372 illis
375 331 531 374 voculis
566 346 587 373 e
622 331 782 373 literam
821 329 1094 386 suppressisse
1124 329 1315 372 concedet
1344 329 1379 370 si
1409 329 1502 383 quis
1532 329 1668 370 multi-

88 399 90 402 ’
170 397 298 455 plices
329 413 482 443 errores
512 413 614 455 quos
643 403 806 455 propter
833 399 956 441 verba
984 398 1090 440 male
1110 398 1319 440 intellecta
1338 397 1494 440 scribae
1514 397 1667 453 passim

84 458 88 486 Ῑ
170 467 472 519 commiserunt,
503 467 736 524 respexerit.
793 467 970 508 Pertinet
997 471 1133 508 autem
1163 467 1242 507 huc
1272 471 1365 508 ante
1396 465 1533 508 omnia
1560 465 1667 519 quod

173 535 436 578 Germanensi
465 541 602 592 aperte
630 536 826 578 traditum
858 540 936 577 est:
968 536 1027 577 sic
1055 540 1197 577 certast
1224 534 1349 585 LXII,
1384 536 1408 577 8
1439 534 1546 576 unde
1577 548 1667 575 con·

170 602 294 659 ligere
325 604 421 646 licet
450 604 589 647 eodem
620 604 742 660 plane
771 603 890 646 modo
921 608 1082 659 poetam
1111 603 1233 646 etiam
1263 603 1415 645 dixisse
1436 602 1598 653 LXXX,
1631 603 1667 644 7.

170 672 316 714 deinde
333 676 559 727 figuraest
576 672 731 723 LXIII,
783 674 837 715 62
872 673 1093 727 eademque
1134 672 1287 714 ratione
1317 676 1456 727 poetae
1487 671 1668 726 cogimur

105 765 109 768 ·
171 741 235 784 bis
279 741 506 784 adscribere
549 742 697 784 malest
741 741 978 794 XXXVIII,
1031 744 1065 786 1.
1113 743 1162 784 2;
1214 741 1373 785 duobus
1415 740 1525 782 enim
1568 739 1667 782 locis

170 815 383 864 peccarunt
424 810 565 853 librari
601 809 815 853 scribendo
853 825 890 852 v.
927 812 945 851 1
980 811 1086 852 male
1116 815 1177 852 est
1207 810 1253 853 si.
1285 824 1321 850 v.
1352 811 1379 852 2
1409 808 1515 851 male
1544 808 1591 850 si.
1625 814 1665 849 et

170 877 361 920 similiter
391 879 517 921 literis
555 883 573 920 ε’
606 884 647 921 et
676 884 693 920 t
722 879 897 921 confusis
927 883 1014 932 ipw
1042 883 1083 920 si
1108 893 1179 934 pro
1209 883 1336 932 z’psest
1361 877 1482 929 CXV,
1506 878 1528 918 7
1559 877 1665 931 quod

170 945 451 989 Froehlichius
501 951 606 989 recte
657 946 771 988 vidit.
831 947 915 988 Nec
963 947 1165 989 dubitavit
1194 946 1408 1001 quisquam
1440 940 1664 987 criticorum

172 1014 271 1068 quin
300 1014 481 1058 Muretus
510 1030 674 1058 manum
708 1015 857 1057 Catulli
888 1015 1137 1058 restituisset
1167 1029 1212 1057 eo
1240 1014 1346 1069 quod
1377 1015 1417 1056 in
1441 1014 1589 1066 LXIII,
1610 1014 1666 1056 49

166 1097 237 1140 pro
298 1083 494 1127 librorum
548 1088 735 1126 maiestas
790 1084 1034 1141 pulcerrime
1088 1089 1274 1126 maestast
1325 1083 1559 1126 emendavit
1618 1084 1665 1125 ef.

166 1152 332 1208 Hauptii
364 1159 519 1208 quaest.
551 1155 636 1198 Cat.
667 1169 703 1210 p.
736 1156 803 1198 32.
854 1155 932 1196 Hic
960 1168 1056 1197 vero
1087 1154 1135 1196 ad
1168 1167 1290 1208 quem
1321 1167 1427 1195 nunc
1457 1167 1589 1209 pergo,
1623 1153 1665 1195 in

166 1221 294 1273 LXII,
326 1223 380 1265 63
401 1227 558 1276 patr-ist
587 1223 828 1265 coniectavit
856 1223 964 1278 quod
993 1223 1133 1265 multis
1160 1222 1319 1278 placere
1341 1222 1458 1264 video
1478 1221 1665 1276 idemque

165 1289 381 1342 LXVIID,
415 1292 494 1333 159
524 1295 664 1344 ipsost.
697 1291 845 1344 LXXI,
886 1293 912 1333 4
944 1294 1155 1346 mae'rzficast
1184 1291 1250 1346 (cf.
1274 1305 1340 1345 qu.
1366 1290 1451 1332 Cat.
1473 1305 1511 1346 p.
1535 1292 1604 1341 94)
1627 1295 1666 1332 et

166 1358 386 1410 LXXXXI,
420 1361 471 1403 10
491 1359 651 1415 culpast
671 1374 741 1415 pro
763 1360 909 1402 Datani
929 1362 1051 1414 culpa
1071 1366 1109 1402 et
1127 1361 1309 1403 lectione.
1358 1359 1527 1400 Accedit
1556 1359 1663 1412 quod

166 1426 402 1469 Sckwabius
433 1428 595 1470 homost
617 1428 742 1479 CXII,
779 1432 796 1472 1
831 1429 881 1470 de
910 1429 1143 1471 coniectura
1171 1429 1307 1484 posuit
1326 1428 1425 1471 satis
1446 1427 1661 1483 probabili.

277 1494 354 1537 His
397 1495 520 1550 igitur
561 1497 760 1553 exemplis
799 1511 902 1552 quae
932 1498 1084 1554 partim
1113 1498 1288 1540 disertae
1318 1497 1514 1540 librorum
1545 1496 1664 1538 tradi-

0 1569 42 1616 κζ
165 1563 267 1605 tioni
315 1564 463 1620 partim
513 1566 632 1607 certis
688 1566 770 1607 nisi
821 1566 940 1608 fallor
991 1567 1167 1608 virorum
1218 1566 1426 1608 doctorum
1477 1564 1664 1607 emenda-

164 1631 344 1674 tionibus
381 1632 577 1676 debentur
612 1648 795 1690 quaeque
832 1636 970 1678 omnia
1006 1635 1190 1678 voculam
1226 1640 1286 1677 est
1314 1633 1442 1677 vocali
1474 1647 1549 1676 sua
1578 1633 1659 1689 pri-

164 1704 299 1742 vatam
353 1701 529 1756 produnt
577 1703 777 1745 subiicere
825 1718 873 1745 ea
921 1718 1084 1746 necesse
1134 1708 1196 1746 est
1244 1704 1287 1745 in
1336 1703 1487 1758 quibus
1538 1702 1661 1744 etiam

163 1768 335 1812 formam
364 1784 405 1811 es
448 1775 567 1827 poeta
607 1771 666 1813 ita
696 1772 912 1815 mutilasse
943 1773 1116 1817 videtur.
1177 1773 1282 1815 Sunt
1310 1776 1447 1814 autem
1491 1785 1540 1813 ex
1583 1771 1660 1813 hoc

164 1851 309 1891 genere
374 1838 453 1880 duo
513 1840 772 1895 potissimum
837 1842 1024 1898 exempla
1078 1842 1190 1884 dictu
1243 1840 1525 1883 memorabilia
1573 1839 1660 1882 scil.

162 1906 366 1949 XXXIIII
382 1939 392 1958 ,
444 1908 517 1950 ⁶23:
567 1914 618 1951 ut
658 1909 812 1953 solita's
850 1910 936 1953 loco
973 1911 1062 1954 eius
1091 1911 1199 1966 quod
1229 1911 1271 1952 in
1302 1908 1485 1952 Santenii
1522 1908 1661 1950 codice

160 1975 268 2018 inest
314 1981 366 2018 ut
412 1977 553 2018 solitas
597 1974 639 2019 es
681 1979 749 2034 (cf.
800 1980 845 2022 L.
893 1980 1064 2022 Mueller
1110 1994 1150 2035 p.
1183 1981 1279 2030 303)
1331 1983 1372 2020 et
1414 1977 1560 2029 LXVI,
1607 1978 1660 2019 27

161 2042 335 2098 adepta's
385 2044 491 2099 quod
542 2060 562 2087 e
612 2046 814 2090 librorum
859 2050 1031 2101 adeptus
1066 2047 1271 2090 revocavit
1300 2047 1581 2089 Lachmannus
1611 2047 1659 2090 cf.

160 2111 222 2153 ad.
253 2111 369 2155 Lucr.
400 2127 437 2168 p.
468 2114 534 2155 67.
597 2114 704 2157 Hinc
734 2120 841 2157 certo
873 2116 976 2158 effici
1006 2116 1108 2157 mihi
1139 2115 1302 2158 videtur
1331 2115 1374 2156 in
1404 2115 1511 2156 thesi
1543 2113 1660 2155 hexa-

159 2180 280 2223 metri
319 2184 433 2223 sexta
467 2195 570 2237 quae
606 2172 766 2239 perraro
798 2184 1015 2227 elisionem
1045 2185 1212 2241 recipiat
1240 2184 1308 2237 (cf.
1338 2184 1383 2226 L.
1414 2182 1582 2225 Mueller
1612 2183 1662 2225 de

159 2263 204 2292 re
231 2254 347 2294 metr.
378 2265 418 2306 p.
449 2252 551 2307 296)
583 2252 792 2295 Catullum
822 2268 901 2296 non
934 2254 1054 2296 modo
1084 2253 1252 2296 locuta’s
1273 2253 1419 2306 LXVI,
1440 2254 1509 2297 29.
1532 2257 1663 2307 ipsost

122 2352 125 2354 -
160 2319 374 2372 LXVIHb‚
418 2321 509 2363 159.
546 2322 718 2363 dolorz‘st
745 2322 1013 2374 LXXXXVI‚
1046 2324 1071 2365 5
1104 2325 1170 2378 (cf.
1202 2324 1342 2379 Haupt
1370 2322 1396 2366 l.
1428 2337 1468 2364 n.
1499 2337 1538 2378 p.
1570 2322 1658 2377 32).

160 2387 358 2431 inimica’s
388 2388 476 2441 CX,
519 2390 546 2433 3
578 2389 646 2445 (cf.
678 2390 722 2432 L.
754 2391 925 2434 Mueller
953 2407 991 2449 p.
1023 2392 1127 2448 303)
1159 2391 1346 2444 dedisse,
1395 2391 1468 2433 sed
1498 2391 1660 2434 omnino

159 2457 387 2500 declinasse
416 2458 607 2501 vitiosam
638 2460 916 2516 synaloephen
928 2461 973 2517 ¹).
995 2486 1052 2490 —
1072 2461 1160 2503 Iam
1190 2475 1285 2503 vero
1316 2460 1426 2514 quod
1445 2460 1498 2502 ad
1521 2464 1658 2516 penta-

158 2525 280 2568 metri
334 2526 490 2568 exitum
538 2527 733 2584 pertinet,
784 2529 974 2572 omnibus
1015 2529 1172 2585 cognita
1199 2529 1270 2572 illa
1297 2528 1362 2571 lex
1393 2533 1456 2571 est
1483 2543 1509 2571 a
1535 2527 1660 2570 Lach—

157 2608 307 2637 manno
347 2595 398 2637 ad
427 2596 540 2638 Lucr.
580 2610 619 2652 p.
651 2598 706 2640 66
742 2598 965 2642 observata.
1025 2599 1089 2641 Ibi
1118 2599 1227 2641 enim
1256 2613 1347 2641 cum
1375 2602 1492 2653 neget
1520 2602 1658 2653 poetas

36 576 52 586 'r

5 584 31 611 ,³5
43 592 53 612 t

4 616 17 635 ’·.
27 623 33 631 2
56 630 57 633 ,

8 636 12 643 '
36 645 38 647 .

5 654 7 659 ,
23 646 45 665 *h¹
53 662 58 665 ἢ

8 680 29 697 0⁴*
56 695 76 702 ’,-

0 720 32 774 {n

0 769 33 790 ,μ

0 821 22 835 V't'

0 1787 27 2034 :ww-jaff&
0 1760 23 1775 ’ς
0 1662 20 1752 ῆκῖνκᾳ
0 1602 20 1642 7³.

35 2024 41 2033 ,·
36 2013 43 2017 ,
37 2003 42 2008 -
28 1962 30 1965 '
27 1899 34 1910 *¹
27 1833 30 1837 '
29 1750 33 1754 “
26 1725 28 1728 ”
29 1649 36 1654 ¹

0 2485 27 2675 ·<†}1*÷³÷÷⁷1†-,==.⁹-5÷†t
0 2035 40 2478 *newvww‘ffiffweny

38 2655 40 2657 ,
25 2534 31 2564 ’“
28 2383 50 2502 ’·”,,.,1;>·
26 2301 40 2351 ,·’*,
31 2247 36 2249 ι
25 2167 37 2206 1“”
25 2107 28 2110 “
48 2040 51 2043 ¹

0 2672 31 2823 ε’·,ῑῖᾳιῑξτῆ

254 2709 290 2754 1)
321 2712 454 2747 Etenim
487 2713 523 2747 in
553 2724 589 2747 re
618 2712 721 2747 simili
753 2717 886 2757 poetam
911 2716 1021 2750 varias
1045 2718 1199 2750 secutum
1225 2726 1301 2750 esse
1325 2716 1472 2750 rationes
1497 2726 1573 2750 cum
1597 2726 1658 2759 per

69 2770 81 2816 f
157 2779 195 2804 se
222 2769 422 2805 incredibile
447 2772 500 2804 est
523 2772 595 2804 tum
620 2780 822 2815 magnopere
847 2772 1033 2806 cavendum
1056 2783 1100 2807 ne
1122 2773 1272 2808 librariis
1289 2773 1430 2807 nimium
1448 2771 1657 2808 confidamus

157 2837 301 2871 quorum
324 2828 555 2863 inconstantia
578 2830 612 2862 et
634 2828 824 2862 temeritate
848 2830 963 2864 omnia
985 2830 1078 2865 licita
1101 2840 1177 2865 esse
1201 2831 1389 2866 videantur.
