1923 3104
878 74 933 118 25

82 169 279 258 {gs-elehel.
301 203 386 246 Lat.
417 204 443 260 ξ
465 180 545 247 98(
572 202 693 244 Proll.
715 199 742 246 l.
765 217 797 246 c.
820 217 859 259 p.
878 202 942 246 23.
999 201 1064 245 Ad
1092 200 1321 255 analogiam
1350 201 1476 255 igitur
1504 200 1649 242 horum

84 258 135 311 Ϊ
151 273 366 321 verborum
405 270 703 318 abundantium
748 275 903 314 certum
947 270 1136 326 equidem
1174 270 1511 327 exploratumque
1547 268 1648 310 duco

86 336 276 406 {fsemel
320 341 442 385 etiam
483 340 689 383 Catullum
733 340 837 382 illud
880 341 1024 383 turben
1064 340 1300 382 neutraliter
1335 339 1467 380 dicere
1503 351 1649 379 ausum

83 406 99 458 ,ἕ
148 423 263 462 esse3
295 410 444 453 etenim
472 409 667 461 „liberius
687 413 821 465 potest
840 413 961 464 poeta
980 422 1102 463 quam
1124 413 1255 450 orator
1276 407 1392 462 sequi
1410 406 1648 460 analogias“

128 479 199 524 ves.
223 479 350 523 varro
380 478 501 521 1..-1..
533 477 663 529 vnn,
695 479 788 521 115.

262 548 357 591 Jam
386 547 430 589 in
459 547 512 588 iis
542 547 749 589 vocabulis
778 560 880 601 quae
901 552 941 589 et
960 547 1010 588 O·
1031 552 1072 589 et
1091 547 1145 590 U·
1165 546 1446 588 declinationis
1465 558 1647 586 normam

62 610 84 668 ᾗ
151 620 392 671 sequuntur,
419 615 666 658 monendum
695 620 757 657 est
785 630 810 657 a
838 615 996 658 Catullo
1028 616 1131 657 hanc
1166 615 1421 671 potissimum
1452 614 1647 656 rationem

149 685 406 726 observatam
436 698 546 736 esse,
586 688 632 726 ut
666 685 831 726 nomina
867 684 1057 726 arborum
1088 683 1414 726 constantissime
1444 682 1497 723 U·
1527 682 1647 723 decli-

151 752 308 797 nationi
337 751 588 806 adiungeret.
648 752 842 808 Exempla
876 757 971 794 sunt
999 753 1162 803 LXIIII,
1196 754 1216 794 1
1260 756 1476 807 prognatae
1515 750 1645 806 pinus.

151 820 251 862 ibid.
275 820 330 862 89
360 821 501 875 quales
530 826 703 876 myrtus.
745 822 827 864 289
857 834 1041 877 proceras
1070 821 1209 877 stipite
1239 821 1393 862 laurus.
1434 820 1514 863 291
1538 819 1649 861 aeria

149 903 357 945 cupressu.
400 889 470 931 sed
503 890 586 933 290
616 889 776 945 platano
806 904 855 931 ex
884 905 993 932 more
1022 890 1155 942 solito,
1185 889 1282 931 dum
1311 889 1431 931 modo
1461 889 1647 942 falso-le-

148 961 265 1011 gatur
293 957 411 1011 Verg.
449 958 536 1001 Cul.
578 958 657 1001 123
694 958 880 1015 platanus
915 959 1048 1001 ae'riae
1085 960 1131 1002 cf.
1169 958 1319 1013 Reisig.
1377 958 1403 999 l.
1438 971 1478 999 n.
1517 958 1541 1012 ξ
1577 959 1645 1000 85.

151 1025 262 1074 Quae
292 1040 382 1067 cum
420 1031 586 1081 reputo,
623 1032 776 1068 certum
812 1028 914 1068 mihi
946 1020 1106 1069 videtur
1135 1033 1297 1082 poetam
1327 1027 1449 1068 etiam
1480 1025 1647 1075 muln,

157 1093 235 1134 106
258 1097 409 1147 pinum
440 1098 608 1148 quartae
637 1094 922 1137 declinationis
954 1095 1097 1137 fecisse
1134 1094 1370 1151 praesertim
1399 1107 1495 1135 voce
1530 1107 1648 1147 quer-

148 1175 222 1202 cus
248 1161 508 1204 antecedente
539 1176 643 1216 quae
673 1176 832 1218 semper
862 1164 984 1205 huius
1013 1165 1209 1205 terminos
1238 1163 1397 1218 accipit.

258 1229 362 1270 Item
391 1243 528 1271 eorum
560 1231 848 1272 vocabulorum
879 1244 981 1285 quae
1011 1232 1208 1273 fluctuant
1236 1231 1341 1272 inter
1356 1233 1411 1272 A·
1439 1234 1479 1271 et
1499 1229 1547 1270 E·
1578 1228 1644 1269 de-

151 1296 427 1350 clinationem,
476 1298 580 1341 hanc
632 1299 752 1354 longe
795 1300 979 1342 Catullus
1027 1300 1224 1356 praetulit
1272 1300 1388 1341 velut
1429 1297 1648 1341 ostendunt

146 1365 389 1407 munditiem
418 1366 568 1409 XXIII.
588 1368 652 1410 18.
685 1367 854 1410 durities
872 1369 1011 1419 LXVI,
1030 1370 1096 1413 50.
1128 1368 1334 1410 amarities
1360 1367 1569 1417 LXVIIla,
1598 1365 1644 1407 18

145 1436 185 1474 et
213 1446 318 1487 quae
357 1435 480 1489 vulgo
517 1436 575 1477 ita
615 1435 806 1481 dicuntur
845 1437 1013 1480 canities
1044 1437 1218 1490 LXIIII,
1249 1438 1330 1480 224
1370 1441 1410 1478 et
1449 1435 1646 1477 caesaries

146 1501 288 1544 LXVI.
321 1503 358 1545 8.

543 1622 583 1672 β.
625 1618 880 1662 adiectiva
910 1620 1085 1662 hetero
1100 1620 1229 1662 clita.

257 1709 386 1759 Quam
415 1710 760 1752 substantivorum
793 1711 912 1753 modo
942 1711 1204 1767 cognovimus
1225 1711 1268 1753 in
1289 1711 1527 1754 declinando
1548 1711 1642 1752 fluc-

144 1776 367 1819 tuationem
383 1811 393 1828 ‚
438 1778 579 1820 eadem
616 1779 748 1822 denuo
779 1780 953 1822 cernitur
980 1780 1023 1822 in
1053 1781 1263 1823 adjectivis
1294 1781 1485 1835 quoniam
1514 1794 1565 1821 ne
1594 1780 1643 1821 de

142 1843 211 1886 his
241 1845 406 1900 quidem
440 1848 500 1889 cui
533 1848 792 1905 potissimum
823 1848 1087 1892 declinationi
1118 1856 1252 1892 essent
1289 1848 1530 1907 applicanda
1562 1849 1642 1905 pri-

38 1941 64 1958 μ
143 1913 200 1956 cis
231 1916 488 1971 temporibus
519 1917 870 1981 satis'constabat.
914 1919 1057 1973 Itaque
1088 1921 1293 1975 permulta
1313 1919 1545 1961 invenimus
1571 1919 1642 1958 ad-

141 1982 289 2026 iectiva
326 1997 429 2039 quae
468 1986 578 2042 apud
615 1987 768 2043 priores
808 1988 1022 2045 scriptores
1060 1992 1102 2030 et
1138 1987 1188 2030 Ο-
1219 1992 1260 2029 et
1286 1985 1327 2028 J·
1363 1986 1642 2029 declinationis

141 2053 446 2096 terminationes
475 2055 722 2108 asciverunt,
753 2057 809 2098 ita
838 2061 975 2099 tamen
1011 2062 1058 2098 ut
1086 2057 1203 2110 longe
1231 2057 1452 2098 maximam
1481 2061 1640 2111 partem

141 2119 254 2163 illius
285 2121 449 2176 quidem
487 2124 640 2167 formae
676 2124 719 2166 in
756 2139 832 2168 usu
868 2130 1005 2168 essent
1041 2125 1148 2181 quod
1185 2125 1427 2168 collectanea
1461 2124 1643 2167 indicant

141 2188 282 2231 Prollii
311 2204 348 2245 p.
380 2191 434 2232 54
480 2198 520 2234 et
555 2193 672 2235 Nevii
702 2195 753 2237 II.
786 2209 822 2250 p.
851 2195 1053 2236 65—-72,
1128 2194 1208 2236 Sed
1252 2199 1439 2249 posterea
1480 2194 1641 2247 linguae
1722 2219 1725 2221 -

141 2261 274 2299 aetate
304 2257 426 2314 plane
457 2261 700 2303 contrarium
739 2263 904 2305 accidit:
955 2276 1129 2317 namque
1166 2262 1313 2304 talium
1341 2264 1559 2305 verborum
1590 2263 1640 2304 O-

141 2322 356 2368 declinatio
399 2327 484 2369 fere
522 2328 685 2372 omnino
723 2331 847 2373 cessit
874 2331 916 2373 J·
952 2331 1208 2374 declinationi
1249 2330 1391 2386 paucis
1421 2330 1641 2373 admodum

65 2443 68 2446 ἦ
140 2392 295 2436 relictis
323 2407 427 2449 quae
457 2397 671 2453 pristinam
702 2399 823 2442 simul
854 2401 1130 2443 formationem
1158 2404 1384 2443 servarunt.
1443 2400 1536 2442 Jam
1566 2400 1639 2454 igi-

140 2464 207 2503 tur
233 2463 422 2507 Catullus
453 2479 699 2522 quamquam
730 2483 808 2512 non
839 2484 1002 2526 prorsus
1032 2469 1211 2524 neglexit
1238 2469 1508 2524 antiquiorem
1537 2469 1641 2511 hanc

140 2532 486 2587 consuetudinem,
514 2537 647 2579 multo
677 2542 815 2601 tamen
845 2540 1001 2582 cautius
1038 2539 1082 2579 in
1113 2552 1160 2580 ea
1188 2552 1230 2579 re
1259 2543 1443 2581 versatus
1474 2544 1534 2580 est
1562 2539 1638 2580 Lu-

140 2599 263 2642 cretio
304 2600 355 2643 cf.
392 2601 514 2648 Proll.
557 2605 586 2647 l.
617 2620 656 2649 n.
696 2611 737 2650 et
772 2607 933 2651 Kuehn.
971 2609 1133 2660 Quaest.
1172 2607 1288 2651 Lucr.
1327 2622 1365 2664 p.
1399 2609 1461 2652 12.
1528 2607 1640 2649 Dixit

44 2695 57 2725 η-
140 2667 248 2712 0111111
278 2683 327 2711 ex
356 2670 432 2712 hoc
460 2686 604 2726 genere
634 2676 759 2718 semel
780 2679 995 2729 proclivus
1015 2690 1087 2732 pro
1119 2691 1165 2718 eo
1196 2676 1303 2730 quod
1326 2677 1446 2731 vulgo
1468 2681 1529 2718 est
1549 2690 1638 2731 pro-

139 2734 256 2778 clivis
292 2736 336 2778 in
364 2737 533 2792 LXIIII,
565 2742 648 2785 270
690 2744 748 2785 sic
792 2744 956 2799 quidem
997 2744 1264 2795 „horrificans
1301 2745 1512 2800 Zephyrus
1547 2759 1637 2800 pro-

139 2796 264 2847 clivas
293 2805 435 2850 incitat
464 2809 621 2851 undas“
652 2812 700 2854 cf.
731 2811 864 2855 Plaut.
894 2812 979 2855 Mil.
1018 2814 1135 2857 1018.
1173 2814 1299 2856 Varro
1320 2813 1368 2856 R.
1391 2813 1512 2857 R.11.
1536 2815 1575 2865 2,
1599 2816 1636 2858 7.
