1923 3104
973 81 1030 127 64

226 202 431 258 particula
450 219 495 246 re
515 206 753 262 compositis
774 207 1095 265 quotiescunque
1116 215 1209 267 post
1238 210 1343 254 illud
1368 213 1593 268 praefixum
1622 219 1736 260 muta
1794 235 1796 238 ’
1841 218 1876 223 ”

225 277 265 316 et
295 273 454 328 liquida
484 280 744 327 concurrunt,
774 276 1007 331 ambiguam
1038 279 1168 335 poetis
1198 280 1240 322 in
1271 294 1345 323 usu
1378 294 1468 324 esse
1487 283 1751 339 prosodiam„
1806 270 1893 355 Ξ

225 343 286 385 ita
313 347 452 386 tamen
481 348 529 385 ut
560 343 679 398 longe
700 345 882 400 plerique
903 347 1155 403 corripiendo
1176 349 1352 392 faveant.
1393 351 1550 401 Quibus
1579 352 1736 407 accedit
1821 357 1846 408 j,

224 413 378 467 ubique
409 412 592 454 Catullus
623 412 739 455 velut
766 418 969 456 testantur
998 430 1204 472 recrepare
1225 417 1376 469 LXIII,
1409 419 1476 462 29.
1508 416 1733 476 reflagitare
1813 429 1835 475 ’ἦ

223 481 438 533 ΧΧΧΧΙΙ,
461 482 498 525 6.
538 482 599 525 10.
632 483 837 525 reflectere
866 484 1079 536 XXXXV,
1106 486 1170 528 10.
1203 486 1373 540 LXIIII,
1412 489 1488 531 112
1519 489 1626 544 quod
1647 504 1734 545 pro-
1792 507 1796 510 ⁴
1831 490 1847 516 *²

223 551 337 593 ducit
372 550 530 592 Lucret.
571 550 649 601 III,
682 552 778 595 502.
825 552 921 603 IIII,
951 553 1035 596 442
1080 554 1295 610 refringere
1343 557 1494 611 LXIII,
1520 557 1575 602 86
1620 557 1731 615 prod.
1802 545 1810 577 3
1838 554 1919 604 'Lis

1842 427 1844 434 ι

1842 435 1845 443 v

222 620 336 663 Lucr.
359 619 456 670 IIII,
478 620 574 665 440.
608 620 770 662 retraho
792 621 922 672 XXX,
947 623 972 664 9
989 641 1009 665 e
1037 623 1164 674 brevi,
1196 625 1396 680 producta
1425 627 1538 671 Lucr.
1561 627 1611 678 V,
1632 628 1728 671 480.
1873 627 1919 671 7⁵⁷2.

222 689 361 731 Horat.
382 688 432 732 A.
457 687 501 728 P.
524 689 621 730 46³5.
680 689 774 730 Jam
805 703 829 729 a
860 691 1097 745 compositis
1126 694 1420 735 transeundum
1458 700 1521 737 est
1555 695 1606 736 ad
1637 695 1731 738 sim·
1875 691 1922 749 ἓξ]

220 758 346 814 plicia
376 757 579 800 vocabula
608 771 710 811 quae
740 763 878 800 mutae
922 773 1012 800 cum
1043 760 1197 815 liquida
1226 762 1468 817 positionem
1497 768 1568 806 aut
1598 764 1730 806 obser·
1870 765 1923 820 ,νέξ

221 832 357 869 vatam
388 830 458 869 aut
488 826 714 881 neglectam
744 826 923 882 produnt
952 828 1115 870 omissis
1136 829 1256 885 plane
1290 831 1540 880 nominibus,
1569 833 1612 874 in
1643 832 1729 888 qui-
1880 810 1923 899 ¹}

1884 903 1923 927 ψ(

220 898 296 939 bus
327 896 513 951 legitima
542 901 604 938 est
634 895 781 950 positio
813 896 863 937 cf.
887 896 1110 939 Schneider
1131 912 1187 951 gr.
1210 898 1297 941 Lat.
1322 900 1339 940 I
1372 914 1409 955 p.
1433 902 1528 944 682.
1560 901 1726 944 Lachm.

220 966 272 1009 ad
299 966 415 1009 Lucr.
447 966 519 1016 VI,
553 966 648 1009 799.
710 965 815 1007 Sunt
852 970 985 1007 autem
1025 980 1071 1009 ex
1110 966 1182 1009 illo
1218 982 1363 1023 genere
1394 969 1477 1011 fere
1508 970 1606 1013 haec
1635 971 1728 1013 affe-

208 1035 364 1077 cenda:
397 1035 562 1077 labrum
592 1034 752 1085 LXXX,
784 1037 808 1076 8
840 1034 967 1075 semel
998 1034 1166 1076 obvium
1189 1037 1368 1078 vocalem
1391 1038 1580 1093 producit
1608 1039 1724 1080 item—

218 1119 297 1159 que
327 1119 488 1160 semper
517 1104 733 1146 Lucretius
764 1108 920 1159 praeter
941 1103 1035 1155 IIII,
1057 1105 1153 1147 586.
1195 1105 1281 1148 Hos
1303 1107 1488 1160 sequitur
1509 1106 1725 1161 Vergilius,

217 1172 342 1215 ceteri
371 1172 578 1215 fluctuant.
617 1198 660 1202 -v-
697 1172 903 1213 Tenebrae
933 1177 1161 1215 constanter
1192 1189 1212 1214 e
1241 1174 1362 1229 longa
1390 1175 1466 1226 ΠΙ,
1506 1177 1552 1219 13
1583 1182 1623 1218 et
1644 1176 1724 1227 LV,

217 1245 243 1284 2
274 1256 348 1283 nec
388 1242 509 1283 aliter
556 1241 835 1283 tenebricosus
867 1241 938 1291 111,
974 1245 1036 1283 11.
1077 1242 1285 1284 Lucretius
1329 1243 1481 1286 totiens
1518 1244 1598 1286 fere
1633 1259 1724 1300 pro—

216 1309 327 1352 ducit
346 1310 532 1364 quotiens
554 1309 733 1365 corripit,
766 1308 896 1350 variat
923 1323 1154 1351 mensuram
1176 1310 1391 1364 Vergilius.
1425 1337 1474 1341 -—
1509 1311 1724 1354 Celebrate

216 1393 374 1434 semper
394 1392 493 1420 corr.
526 1386 571 1420 ut
592 1378 752 1420 Lucret.
781 1378 830 1428 V,
857 1380 965 1421 1165
997 1383 1037 1420 et
1058 1379 1337 1421 concelebrare
1358 1380 1406 1430 Il,
1430 1381 1532 1431 3453
1565 1380 1724 1422 eadem·
1845 1377 1923 1434 ’ϊζπξ

214 1462 292 1502 que
330 1447 557 1502 quantitate
595 1446 723 1488 utitur
762 1446 1032 1488 febriculosus
1062 1447 1132 1497 VI,
1164 1449 1202 1490 4.
1238 1472 1287 1476 ——
1328 1448 1461 1496 Liber,
1506 1448 1604 1491 libri
1648 1439 1923 1513 cet-{1253

214 1516 323 1571 quod
352 1516 447 1559 Hor.
470 1516 554 1559 Sat.
579 1516 608 1568 Ι,
642 1517 708 1567 10,
740 1516 806 1558 63.
840 1514 911 1570 Ep.
934 1515 984 1566 II,
1021 1518 1056 1568 1,
1089 1516 1169 1558 207
1202 1516 1373 1568 breviat,
1405 1517 1592 1559 Catullus
1623 1517 1722 1560 locis

213 1586 401 1629 omnibus
432 1584 617 1642 producit
657 1584 800 1639 itaque
847 1584 916 1625 alii
960 1584 1162 1640 plerique,
1213 1600 1352 1628 rursus
1391 1600 1488 1629 corr.
1526 1586 1721 1630 librarius

213 1655 342 1706 XIIII,
379 1657 442 1698 17.
476 1680 530 1686 —
564 1655 738 1698 Vibrare
769 1654 956 1705 XXXVI,
989 1656 1013 1695 5
1062 1654 1218 1709 primus
1266 1654 1428 1697 videtur
1474 1656 1720 1712 corripuisse
1846 1646 1921 1703 ’[ζῖᾸῖ

211 1725 329 1779 eique
359 1724 529 1766 accessit
559 1723 681 1765 Ovid.
704 1724 798 1765 Met.
824 1723 898 1774 III,
929 1725 998 1774 34,
1038 1738 1128 1765 cum
1172 1725 1291 1765 ceteri
1331 1724 1414 1766 fere
1445 1739 1603 1780 semper
1631 1739 1720 1780 pro-

210 1793 378 1835 ducunt.
417 1818 461 1823 -
496 1793 543 1833 ln
567 1793 768 1846 probrum
808 1791 1025 1845 ambiguus
1061 1797 1144 1843 est,
1177 1793 1340 1847 produc.
1370 1793 1473 1846 LXI,
1509 1795 1588 1836 103
1618 1808 1717 1837 corr.
1814 1842 1817 1847 .
1874 1805 1923 1845 3⁹22.

191 1860 433 1913 'LXXXXL
464 1862 503 1903 4.
536 1886 589 1892 -
630 1860 766 1902 Rubra
810 1874 1012 1915 nusquam
1057 1861 1302 1917 positionem
1348 1875 1430 1904 non
1471 1862 1594 1904 efficit
1637 1876 1719 1905 non

208 1931 339 1986 magis
381 1929 489 1986 apud
522 1929 732 1971 Catullum
780 1942 905 1982 quam
951 1929 1058 1983 aqud
1089 1930 1353 1985 posteriores,
1385 1930 1562 1984 neglexit
1592 1930 1717 1974 semel

1886 1926 1923 1985 ,ξ

209 2001 324 2043 Lucr.
358 1999 431 2051 VI,
463 1999 560 2041 402.
604 2024 648 2028 —
696 1998 863 2040 Sacrum
910 1998 1026 2054 longe
1062 1999 1285 2041 maximam
1322 2004 1479 2056 partem
1521 1998 1717 2055 producit,
1844 1982 1923 2049 st*

211 2084 311 2113 corr.
334 2069 429 2120 VII,
463 2069 502 2111 6.
550 2067 688 2118 XIIII,
733 2070 795 2110 12.
838 2067 943 2118 LXI,
983 2069 1027 2110 71
1078 2068 1256 2123 itemque
1300 2083 1460 2124 semper
1507 2068 1717 2111 Lucretius
1874 2093 1923 2134 st

209 2144 368 2195 praeter
397 2138 448 2188 V,
484 2137 588 2179 1161
624 2136 667 2177 in
698 2137 807 2177 exitu
838 2150 993 2178 versus.
1029 2163 1076 2168 -μ
1111 2137 1278 2179 Alacres
1309 2137 1478 2189 LXIIII,
1510 2139 1593 2182 254
1621 2151 1715 2180 ana-
1858 2121 1923 2191 *J

206 2207 337 2264 paesti
358 2219 593 2249 mensuram
624 2210 779 2259 aequat.
801 2230 855 2236 —
880 2205 1061 2247 Lacrima
1082 2211 1122 2248 et
1142 2206 1350 2248 lacrimare
1373 2207 1543 2262 primam
1564 2206 1717 2249 habent
1854 2187 1923 2256 ἐξ

1861 2369 1923 2421 ¹5

204 2277 356 2330 ubique
406 2276 567 2316 brevem
618 2274 686 2322 vel,
722 2274 830 2327 apud
864 2275 1104 2326 Lucretium,
1136 2276 1359 2330 Vergilium
1392 2275 1605 2316 Horatium
1636 2268 1717 2316 nisi
1863 2284 1869 2309 f

205 2344 312 2400 quod
344 2344 412 2386 hic
440 2344 481 2385 i'n
505 2342 637 2384 Carm.
672 2342 766 2393 1111,
793 2344 829 2394 1,
862 2344 916 2385 34
947 2346 987 2384 et
1016 2343 1142 2399 Epist.
1166 2345 1195 2393 Ι,
1223 2345 1286 2395 17,
1309 2345 1363 2386 69
1394 2344 1590 2399 producit.
1633 2342 1714 2385 Sed

203 2415 245 2456 in
276 2413 488 2457 lacrimula
520 2411 662 2464 LXVI,
711 2414 761 2454 16
799 2412 916 2466 longa
955 2412 1105 2455 vocalis
1144 2417 1218 2454 est.
1253 2439 1302 2443 --
1336 2413 1383 2454 In
1416 2413 1609 2469 CecropS,
1642 2414 1710 2455 Ce—

204 2484 366 2540 cropius
397 2482 586 2525 omnibus
624 2483 704 2524 fere
741 2482 870 2538 poetis
903 2483 1056 2524 Latinis
1096 2482 1321 2525 communis
1360 2488 1422 2523 est
1451 2482 1603 2538 primae
1634 2482 1714 2537 syl-

201 2554 318 2596 labae
349 2551 561 2609 productio
592 2565 664 2592 nec
694 2551 898 2606 discrepat
924 2551 1178 2593 Catullianus
1207 2565 1304 2593 usus
1327 2551 1493 2601 LXIIII,
1517 2551 1584 2601 83,
1611 2552 1712 2604 1723

201 2622 431 2678 corripiunt
475 2627 615 2677 aperte
656 2620 770 2663 Lucr.
806 2621 882 2671 vl,
917 2620 1024 2662 1137
1073 2627 1112 2661 et
1151 2620 1265 2663 Ovid.
1299 2620 1394 2662 Met.
1426 2620 1516 2671 XV,
1547 2621 1630 2663 427
1662 2621 1710 2662 cf.

202 2692 362 2733 Lachm.
384 2691 436 2732 ad
456 2691 572 2732 Lucr.
596 2705 634 2745 p,
657 2691 754 2732 417.
769 2690 960 2743 ——Ager,
981 2690 1068 2745 agri
1089 2690 1196 2744 quod
1217 2689 1344 2732 semel
1376 2694 1486 2732 extat
1502 2689 1649 2733 LXVII
1657 2690 1710 2742 lb,

200 2762 254 2803 62
268 2775 291 2802 a
304 2760 473 2812 breviat,
484 2759 600 2815 prod.
617 2758 857 2815 plerumque
871 2759 1084 2800 Lucretius
1095 2758 1275 2814 exceptis
1290 2758 1344 2810 II,
1358 2759 1464 2800 1172
1474 2764 1514 2800 et
1526 2759 1573 2810 V,
1587 2760 1708 2802 1248.

200 2830 350 2872 Contra
379 2830 421 2870 in
451 2830 630 2882 ayrae'cola
661 2833 826 2884 propter
855 2835 1029 2870 metrum
1063 2828 1307 2883 dactylicum
1335 2842 1414 2871 non
1446 2827 1581 2884 potuit
1609 2828 1709 2883 quin

1163 2890 1166 2893 '
1890 2896 1903 2913 f-

1823 2363 1825 2365 .
1878 2348 1913 2373 «ἲ,

1868 2411 1876 2424 Y

1866 2457 1873 2470 ,¹
