1923 3104
977 70 1035 114 22

257 196 436 238 maxime
456 195 605 238 Ovidio
624 198 665 237 et
683 195 896 251 Propertio
925 194 1142 238 familiaris
1173 200 1249 248 est,
1278 199 1372 238 ante
1392 208 1496 250 quos
1516 210 1566 238 ne
1579 196 1686 240 Catu

258 264 427 319 quidem
456 264 618 306 videtur
647 263 769 305 talem
799 263 929 305 dativi
957 264 1129 306 formam
1159 277 1326 320 prorsus
1356 262 1530 317 fugisse,
1561 264 1597 306 si
1627 270 1772 310 veum

259 338 322 376 est
352 333 529 375 Naiasin
558 331 659 374 illud
691 332 797 387 quod
828 332 1119 385 LX1111„‘287
1161 347 1235 389 pro
1273 337 1533 375 monstruosa
1562 315 1781 378 librorum

263 401 464 457 scriptura
494 401 691 441 Mi'noszm
722 415 812 441 cum
851 400 1074 442 multorum
1104 401 1399 457 approbatione
1429 400 1601 443 coniecit
1629 398 1773 457 Haup-

260 470 344 512 tius
375 469 418 511 in
448 469 607 513 observ.
640 469 726 511 crit.
757 484 798 525 p.
820 471 886 513 69.

374 539 411 579 8.
444 538 734 579 Accusativum
767 537 942 591 denique
971 537 1113 579 tertiae
1147 538 1429 582 declinationis
1458 537 1510 579 ad
1540 536 1769 592 analogian

265 606 405 650 Graeci
437 606 636 649 sermonis
666 611 750 649 tam
782 620 903 663 saepe
934 611 975 648 et
1003 610 1145 663 poetae
1175 611 1216 650 et
1244 622 1378 650 rerum
1409 611 1592 650 auctores
1621 619 1694 664 per
1711 630 1768 638 -‹

258 691 303 718 as
333 676 586 728 extulerunt,
630 681 676 718 ut
716 677 885 729 longum
922 675 975 716 sit
1010 677 1208 731 exemplis
1246 677 1289 717 id
1328 678 1573 719 confirmare.
1634 669 1776 725 Quare

259 744 410 787 sufficit
429 744 585 786 Catulli
605 745 647 785 in
670 744 746 786 hoc
764 757 910 798 genere
931 744 1266 787 consuetudinem
1287 744 1490 801 persequi,
1512 743 1620 800 apud
1643 751 1768 798 quem
1848 733 1904 786 ’Ψῖῖῒ

257 818 353 863 tres,
399 813 435 853 si
479 812 639 854 codices
681 813 898 866 loquimur,
943 812 1031 853 eius
1074 813 1185 854 modi
1222 814 1444 856 accusativi
1483 813 1768 869 reperiuntur:
1809 800 1902 864 „522

259 880 462 935 Cycladas
490 881 639 932 1111,7‚
700 880 908 935 Thyiadas
937 880 1110 931 LXllll,
1141 882 1221 924 391
1262 887 1301 923 et
1332 881 1589 937 plumipedas
1616 881 1686 923 LV
1717 882 1770 924 27

260 949 528 990 Germanensi
571 953 613 989 et
643 948 748 990 libro
785 948 965 990 Santenii
996 963 1055 1004 pr.
1082 963 1137 990 m.
1167 948 1373 1000 oblatum,
1416 963 1508 991 cum
1536 949 1580 990 in
1611 949 1780 991 ceteris

261 1017 441 1071 vulgaris
464 1018 724 1071 plumipedes
753 1017 883 1058 forma
910 1017 1076 1071 legatur.
1110 1041 1161 1047 —-
1192 1017 1280 1059 Iam
1318 1031 1413 1059 vero
1450 1017 1494 1058 in
1530 1017 1769 1060 nominibus

259 1086 419 1128 Latinis
452 1085 636 1127 eiusdem
667 1084 950 1127 declinationis
980 1085 1088 1140 leges
1119 1086 1382 1141 sequentibus
1409 1086 1528 1128 valde
1557 1085 1770 1140 ambigunt

259 1154 510 1210 grammatici
541 1158 580 1195 et
609 1154 849 1196 vetustiores
878 1158 918 1195 et
946 1154 1200 1206 recentiores,
1229 1159 1366 1196 utrum
1396 1169 1537 1197 eorum
1574 1154 1768 1197 accusati-

260 1238 338 1266 vus
369 1237 441 1278 per
472 1227 510 1264 is
540 1236 591 1263 an
622 1236 694 1277 per
724 1237 766 1264 es
796 1223 947 1264 rectius
978 1222 1222 1277 designetur.
1283 1223 1426 1277 Itaque
1463 1237 1555 1265 cum
1592 1223 1671 1278 ipsi
1700 1236 1768 1265 ve·

265 1297 370 1333 teres
402 1290 666 1333 constantiam
698 1296 739 1331 et
760 1294 910 1332 certam
940 1290 1144 1333 scribendi
1166 1305 1351 1332 normam
1374 1291 1488 1333 nullo
1508 1290 1629 1333 modo
1649 1303 1770 1346 quae—

261 1359 411 1402 sivisse
441 1358 685 1414 optimorum
716 1357 901 1400 codicum
921 1359 1158 1401 auctoritate
1188 1360 1394 1414 probetur,
1425 1373 1505 1401 non
1531 1359 1770 1401 mirabimur

264 1428 453 1471 videntes
495 1431 649 1481 quanta
691 1426 855 1468 licentia
899 1427 1091 1469 hactenus
1136 1426 1312 1469 editores
1348 1427 1390 1468 in
1427 1427 1546 1470 libris
1586 1432 1768 1470 veterum

262 1495 523 1539 recensendis
554 1499 595 1537 et
626 1494 780 1536 dudum
818 1495 882 1536 usi
919 1495 1002 1536 sint
1037 1501 1078 1537 et
1107 1495 1228 1537 hodie
1254 1499 1434 1538 utantur.
1493 1496 1541 1537 In
1570 1499 1683 1538 tanta
1710 1495 1770 1538 rei

264 1564 509 1606 difficultate
546 1577 598 1605 ne
638 1563 699 1604 illi
735 1563 900 1617 quidem
939 1569 1151 1619 praecepto
1189 1578 1266 1618 quo
1302 1564 1576 1606 accusativum
1617 1564 1768 1607 talium
1809 1572 1812 1573 ’
1869 1560 1885 1612 ,³

262 1634 482 1675 verborum
510 1631 647 1686 qualia
676 1631 909 1686 genetivum
941 1632 1046 1687 plur.
1080 1632 1269 1674 in-—ium
1300 1632 1469 1684 finiunt,
1512 1646 1672 1688 semper
1700 1646 1774 1689 per
1855 1634 1923 1694 ’.ξ’-ΞΑ·

262 1706 300 1743 is
331 1701 507 1744 scribere
537 1700 743 1751 iubemur,
774 1713 977 1742 summam
1006 1700 1091 1742 vim
1122 1700 1300 1742 tribuere
1330 1714 1567 1756 possumus:
1605 1715 1700 1743 nam
1727 1700 1772 1743 id

262 1770 334 1826 qui
363 1783 500 1826 presse
531 1769 649 1823 sequi
679 1768 837 1820 volunt,
868 1773 1039 1811 caveant
1058 1783 1109 1810 ne
1132 1769 1285 1811 crimen
1313 1769 1447 1811 laesae
1476 1768 1572 1811 fidei
1592 1769 1771 1824 antiqui-

259 1838 356 1880 tatis
386 1840 430 1879 in
461 1852 504 1879 se
535 1837 773 1892 suscipiant.
834 1837 913 1878 Res
942 1837 1067 1891 igitur
1096 1842 1303 1892 utcunque
1329 1844 1564 1894 comparata
1584 1842 1659 1890 est,
1689 1838 1766 1880 hoc
1837 1829 1841 1832 ⁵

262 1921 381 1950 nemo
411 1906 619 1949 dubitabit
649 1906 750 1959 quin
784 1906 1016 1948 terminatio
1046 1911 1085 1948 is
1117 1907 1314 1949 vetustior
1352 1921 1482 1961 usque
1514 1906 1566 1948 ad
1595 1906 1772 1965 Augusti

262 1980 437 2018 aetatem
469 1974 589 2028 longe
620 1973 890 2029 praevaluerit
918 1974 977 2016 ita
1006 1974 1191 2029 quidem,
1223 1980 1269 2017 ut
1296 1976 1339 2017 in
1369 1975 1523 2017 eisdem
1553 1974 1688 2017 verbis
1718 1974 1775 2016 al-

264 2049 351 2086 tera
381 2057 542 2098 quoque
573 2043 778 2099 scriptura
815 2057 857 2084 es
893 2042 1017 2085 simul
1052 2044 1203 2087 usitata
1231 2044 1357 2086 fuerit
1385 2044 1620 2086 auctoribus
1648 2043 1774 2098 vulgo

262 2113 426 2155 aurium
469 2111 620 2153 iudicio
663 2111 956 2153 confidentibus
998 2112 1047 2154 cf.
1080 2112 1182 2156 Gell.
1214 2113 1336 2163 XIII.‚
1370 2114 1436 2156 21.
1478 2112 1673 2167 Wagneri
1702 2112 1785 2156 Or-·

263 2182 396 2236 thogr.
424 2181 571 2236 Vergil.
603 2195 642 2236 p.
665 2180 750 2222 404
773 2193 859 2234 sqq.
919 2180 1067 2223 Postea
1096 2181 1260 2224 demum
1291 2181 1489 2224 recentior
1519 2182 1619 2223 haec
1636 2180 1777 2224 termi-

264 2251 379 2293 natio
410 2250 540 2304 magis
570 2249 786 2305 magisque
816 2248 916 2291 adeo
947 2249 1165 2302 increbuit,
1207 2255 1254 2293 ut
1281 2257 1485 2307 postremo
1518 2249 1582 2293 vel
1611 2249 1777 2295 unicum

265 2319 400 2361 locum
447 2319 651 2362 obtineret
692 2323 797 2360 teste
836 2317 1021 2361 charisio
1062 2333 1102 2375 p.
1134 2320 1215 2362 122
1244 2319 1305 2371 Ρ.,
1347 2320 1395 2363 cf.
1434 2319 1557 2361 etiam
1593 2318 1778 2376 Zumptii
1855 2323 1906 2370 ἐς,

264 2388 442 2430 Gramm.
473 2389 559 2430 Lat.
592 2388 693 2443 §68
724 2391 808 2429 not.
884 2388 993 2438 Quae
1023 2402 1116 2429 cum
1150 2388 1209 2430 ita
1238 2388 1341 2441 sint,
1386 2388 1508 2444 plane
1545 2387 1647 2430 facio
1683 2401 1777 2431 cum
1855 2393 1904 2437 ³2²³*

263 2457 521 2498 Lachmanuo
550 2456 595 2497 in
623 2469 768 2498 comm.
789 2456 904 2497 Lucr.
925 2470 963 2511 p⁸
994 2457 1048 2498 55
1074 2457 1255 2499 censenti
1286 2456 1417 2498 solam
1446 2456 1628 2499 codicum
1655 2456 1779 2500 fidem
1834 2472 1837 2475 ·

264 2526 335 2567 ubi
365 2525 471 2566 inter
502 2538 545 2565 se
576 2525 842 2576 consentiant,
876 2526 1125 2579 sequendam
1155 2539 1256 2568 esse.
1318 2527 1406 2577 Qua
1443 2525 1492 2568 de
1525 2538 1649 2568 causa
1678 2524 1779 2568 satis
1835 2526 1887 2587 μζ»

263 2595 464 2637 habemus
494 2593 632 2634 omnia
661 2594 960 2636 terminationis
990 2595 1128 2637 in-is
1158 2594 1346 2651 exempla
1372 2595 1567 2650 proferre,
1598 2606 1703 2648 quae
1731 2593 1776 2635 in
1821 2613 1833 2647 j
1880 2606 1887 2613 ²

263 2662 515 2706 membranis
547 2661 701 2704 Catulli
738 2663 878 2718 probis
916 2663 1285 2720 deprehenduntur.
1346 2663 1453 2706 Sunt
1488 2667 1624 2705 autem
1653 2662 1754 2706 haec
1768 2675 1781 2703 :-

262 2732 398 2775 tristis
428 2732 482 2784 II,
518 2734 581 2775 10.
613 2732 677 2785 CI,
708 2733 746 2774 8.
777 2731 954 2775 hominis
983 2733 1032 2784 X,
1061 2734 1122 2776 16.
1154 2732 1261 2775 natis
1291 2731 1478 2786 XXXIII,
1501 2733 1538 2776 7.
1572 2731 1801 2777 ubidiniw-

264 2815 341 2857 que
379 2800 585 2853 XXXXV,
618 2802 687 2844 24.
733 2801 866 2844 omnis
909 2801 972 2853 LI,
1005 2803 1043 2845 5.
1087 2801 1298 2854 LXVIIIa,
1331 2802 1399 2845 26.
1445 2801 1586 2844 tenuis
1621 2800 1686 2853 LI,
1729 2798 1803 2860 Qg'f
1854 2823 1859 2842 -,

1836 2657 1865 2719 ⁸⁴1>
