1923 3104
963 74 989 117 8

231 202 411 244 Graecae
461 203 596 258 poesis
645 207 832 243 auctores
890 202 1188 243 constituerant
1237 201 1500 244 observandis
1548 214 1736 255 magnam

230 284 395 326 operam
429 285 648 325 curamque
679 270 951 326 consumpsit.
1005 272 1092 321 Quo
1123 271 1189 322 fit,
1237 275 1280 312 ut
1315 271 1356 311 in
1387 270 1490 311 libro
1529 270 1617 312 eius
1654 283 1735 312 non

226 339 342 380 nulla
374 345 560 395 poemata
590 339 708 380 nobis
740 344 952 380 occurrant
992 344 1080 380 arte
1118 339 1237 394 plane
1268 338 1499 380 admirabili
1531 339 1736 380 elaborata

221 407 350 450 veluti
373 423 426 450 cc.
449 408 541 451 IIlI.
565 412 605 449 et
626 407 785 458 LXIII..
808 421 981 462 quorum
1002 408 1105 449 illud
1132 408 1282 450 iambis
1305 408 1430 464 puris,
1460 407 1535 449 hoc
1554 407 1735 461 galliam-

224 477 289 518 bis
321 479 587 530 compositum
619 482 694 518 est.
755 477 923 518 Accedit
953 477 1060 530 quod
1083 477 1270 524 Catullus
1299 477 1340 517 in
1371 476 1619 518 carminibus
1651 476 1736 517 suis

225 545 262 585 si
294 558 375 586 non
406 544 596 587 omnibus
625 548 761 586 tamen
794 544 999 599 plerisque
1030 559 1116 586 eam
1150 545 1347 586 rationem
1377 549 1439 587 est
1467 547 1648 595 secutus,
1691 550 1737 585 ut

226 612 452 654 sententias
483 612 663 664 singulas
694 613 1065 666 sententiarumque
1096 614 1330 668 complexus
1357 614 1407 653 ad
1439 617 1563 654 certas
1591 625 1734 666 aequa-

225 680 400 724 bilitatis
431 694 595 722 normas
632 681 872 735 astringeret
889 682 920 737 ¹)
964 681 1007 722 in
1053 696 1179 737 eaque
1210 697 1250 723 re
1291 685 1337 723 ut
1381 681 1521 724 multis
1560 681 1603 723 in
1642 681 1735 723 aliis

225 750 414 805 exemplo
458 755 566 791 esset
607 751 736 805 poetis
774 750 961 803 Augusto
1007 751 1175 804 quidem
1216 751 1441 805 imperante
1483 751 1733 792 florentibus

227 818 320 860 Jam
353 832 448 860 vero
471 822 517 860 ut
546 818 596 859 de
626 819 756 860 forma
786 822 949 860 externa
979 832 1060 873 qua
1090 819 1262 873 cogitata
1293 823 1333 860 et
1364 833 1482 860 sensa
1502 819 1734 874 explicaret,

223 887 378 942 optime
409 887 579 927 meritus
610 892 685 936 est,
717 887 775 927 ita
805 887 926 928 etiam
960 888 1156 928 sermonis
1187 902 1266 928 usu
1296 901 1488 940 magnum
1520 888 1617 928 artis
1648 901 1735 942 pro-

222 956 374 997 fectum
405 954 616 996 indicavit.
679 955 874 1006 Quamvis
913 955 1021 1010 enim
1059 956 1100 996 in
1139 956 1280 1010 elegiis
1316 955 1577 1011 potissimum
1618 959 1657 997 et
1693 955 1735 997 in

225 1024 487 1079 epithalamio
528 1024 637 1078 quod
666 1029 814 1065 vocant
844 1025 955 1065 Pelei
986 1029 1027 1066 et
1056 1025 1244 1066 Thetidis
1275 1025 1508 1066 communia
1538 1025 1734 1079 quaedam

228 1093 375 1135 habeat
404 1108 495 1135 cum
525 1092 711 1134 Lucretio
742 1092 941 1148 politioris
973 1094 1138 1148 quidem
1170 1094 1316 1136 aetatis
1347 1093 1639 1136 consuetudine
1669 1108 1733 1136 ex-

226 1162 335 1212 trita,
367 1162 472 1203 sicut
501 1162 758 1217 periodorum
792 1167 1040 1204 structuram
1070 1164 1178 1205 iusto
1206 1164 1299 1218 plus
1322 1177 1401 1204 non
1423 1176 1633 1216 nunquam
1653 1177 1735 1204 am-

223 1231 459 1286 plificatam,
474 1230 766 1286 particularum
794 1246 910 1272 usum
944 1246 1024 1273 non
1054 1232 1204 1286 ubique
1227 1232 1279 1273 ad
1300 1236 1450 1273 certam
1472 1232 1733 1273 constantiam

223 1299 445 1349 redactum,
478 1302 696 1342 verborum
729 1300 1033 1342 collocationem
1052 1301 1160 1342 haud
1182 1315 1269 1342 raro
1298 1301 1578 1342 inconcinnam
1609 1306 1648 1342 et
1677 1301 1735 1342 in·

226 1368 435 1423 cultam‚²)
467 1372 601 1409 tamen
633 1367 788 1422 primus
825 1368 901 1410 fuit
937 1373 1057 1424 poeta
1086 1369 1331 1424 reipublicae
1363 1369 1433 1422 qui
1464 1383 1554 1410 cum
1585 1369 1736 1424 asperi-

223 1441 330 1478 tates
365 1442 454 1478 tum
486 1437 708 1492 pravitates
740 1437 937 1478 sermonis
968 1438 1009 1478 in
1039 1438 1197 1492 priscae
1225 1438 1441 1479 latinitatis
1464 1438 1737 1480 monumentis

227 1508 309 1548 sere
352 1505 586 1561 perspicuas
623 1511 759 1561 aperte
802 1506 958 1561 respuit
995 1511 1034 1548 et
1077 1507 1202 1548 nobili
1248 1507 1543 1562 cmendatoque
1577 1507 1737 1549 dicendi

225 1589 387 1629 genere,
433 1575 539 1629 quod
587 1575 630 1616 in
672 1589 793 1631 prosa
829 1576 1054 1617 excoluisse
1085 1576 1286 1618 Ciceronis
1317 1577 1508 1619 meritum
1549 1581 1632 1629 est,
1678 1577 1739 1618 uti

222 1644 371 1686 maluit
402 1644 443 1684 in
476 1643 665 1685 versibus
694 1643 905 1684 faciendis.
967 1644 1083 1694 Quod
1120 1659 1209 1686 cum
1241 1646 1281 1686 in
1308 1646 1545 1686 universum
1570 1650 1737 1694 constet,

221 1718 357 1754 tamen
389 1712 547 1766 egregie
576 1711 800 1761 falleretur,
833 1712 869 1752 si
900 1712 995 1765 quis
1026 1718 1184 1767 poetam
1217 1728 1378 1754 omnem
1408 1718 1639 1769 temporum
1671 1727 1739 1754 an-

223 1781 437 1835 tiquorum
469 1780 788 1822 recordationem
823 1780 1005 1821 studiose
1042 1781 1213 1823 abiicere
1246 1782 1423 1823 voluisse
1453 1783 1635 1837 putaret:
1674 1796 1738 1823 res

224 1850 346 1903 longe
379 1848 499 1890 aliter
531 1863 573 1890 se
605 1849 739 1890 habet.
798 1849 845 1889 In
888 1849 1104 1891 remotiore
1147 1851 1255 1892 enim
1286 1850 1426 1892 Italiae
1462 1854 1572 1905 parte
1604 1850 1738 1904 qualis

223 1919 302 1960 fuit
333 1918 466 1959 Gallia
497 1917 717 1972 Cisalpina,
750 1918 961 1972 provincia
990 1919 1149 1960 Catullo
1182 1920 1333 1974 patria,
1366 1933 1449 1960 non
1480 1918 1612 1973 potuit
1643 1933 1738 1960 sane

222 1987 324 2038 fieri,
357 1987 453 2041 quin
485 2000 577 2027 cum
610 1987 759 2028 Romae
791 1986 1002 2028 hominum
1034 1987 1169 2029 studia
1198 1988 1426 2030 litterarum
1458 1986 1617 2028 facilius
1649 2002 1735 2028 mu-

223 2060 420 2108 tarentur,
454 2060 638 2097 veterum
670 2055 911 2110 scriptorum
954 2057 1149 2098 memoria
1190 2057 1319 2098 multo
1351 2056 1506 2097 diutius
1538 2056 1739 2099 obtineret

224 2125 293 2180 (cf.
330 2125 496 2167 Sueton.
531 2123 580 2166 de
601 2124 661 2166 ill.
685 2138 853 2178 gramm.
877 2125 951 2178 24)
983 2139 1031 2166 ex
1062 2139 1283 2179 eorumque
1314 2125 1434 2166 libris
1466 2128 1605 2179 poetae
1638 2125 1738 2167 satis

226 2208 347 2249 saepe
378 2207 530 2235 novum
564 2192 768 2247 quendam
800 2207 940 2234 sucum
971 2199 1011 2235 et
1040 2195 1289 2248 sanguinem.
1321 2193 1554 2243 haurientes
1597 2195 1738 2235 carmi·
1896 2223 1923 2245 ἶ,

224 2263 346 2303 nibus
378 2262 464 2303 suis
496 2263 670 2304 colorem
718 2276 807 2303 vere
846 2263 1084 2318 popularem
1115 2263 1323 2304 adderent.
1384 2262 1436 2303 Et
1466 2262 1541 2304 hoc
1571 2262 1735 2317 quidem

224 2331 366 2384 vigore
388 2345 479 2372 cum
503 2331 651 2373 Catulli
674 2336 864 2387 poemata
892 2345 1134 2387 magnopere
1155 2332 1368 2383 excellant,
1399 2344 1478 2372 non
1500 2331 1741 2373 mirabimur

222 2399 330 2454 quod
361 2400 403 2440 in
436 2399 487 2440 iis
518 2400 674 2442 multae
705 2401 842 2455 prisci,
872 2400 943 2441 sed
974 2401 1184 2455 pauciores
1214 2401 1395 2454 vulgaris
1426 2399 1492 2441 vel
1527 2400 1739 2442 familiaris

323 2652 358 2696 1)
384 2652 459 2696 Qua
483 2653 525 2686 de
550 2664 585 2687 re
611 2654 748 2697 scripsit
773 2655 811 2691 Ο.
837 2655 978 2696 Franke,
1004 2655 1045 2689 de
1070 2655 1255 2689 artificiosa
1271 2653 1736 2689 carminumCatullianorum

222 2711 473 2755 compositione
498 2710 651 2744 Berolini
679 2711 776 2746 1866.
1881 2753 1886 2759 Ι
1906 2730 1923 2748 μ

312 2766 351 2813 2)
376 2768 418 2802 cf.
444 2767 700 2812 Bernhardyus‚
725 2768 802 2804 hist.
828 2768 892 2804 litt.
918 2770 1015 2804 Rom.
1040 2781 1073 2814 p.
1091 2770 1168 2806 549.
1196 2790 1234 2794 —
1260 2771 1291 2804 J.
1311 2769 1349 2804 D.
1369 2769 1513 2803 Fussius
1540 2769 1633 2811 apud
1650 2769 1736 2804 Nae-

221 2825 315 2859 kium
339 2824 381 2858 ad
408 2824 582 2859 Valerium
608 2824 772 2859 Catonem
799 2837 830 2869 p.
844 2826 926 2862 307.
1873 2819 1923 2851 *εἴ
