1923 3104
224 200 444 248 admodum
484 207 680 262 appareat
714 202 843 245 maior
883 203 1080 246 sermonis
1118 202 1296 260 vulgaris
1324 201 1502 245 licentia.
1562 196 1725 241 Excidit

191 313 203 322 ,,
222 277 358 317 autem
389 274 564 330 primum
612 271 775 328 quidem
814 272 858 315 in
895 273 1091 329 stirpibus
1124 272 1416 316 vocabulorum
1450 274 1543 313 ante
1581 285 1602 310 s
1631 282 1722 311 con-

165 342 169 347 ”
223 356 365 386 sonam
395 344 495 386 satis
532 346 638 385 certe
668 342 910 396 frequenter,
950 343 986 383 si
1027 342 1214 398 exempla
1250 342 1431 384 conferas
1469 354 1519 382 ex
1556 338 1722 393 inscrip-

222 412 400 471 tionibus
430 426 532 467 quae
562 411 703 453 attulit
731 410 990 453 Corssenusl
1020 426 1060 467 p.
1087 412 1182 455 254.
1242 411 1386 461 Qualia
1413 409 1536 452 huius
1566 406 1723 462 generis

222 481 268 523 in
296 495 377 524 uno
406 481 585 523 alterove
614 479 720 522 libro
751 479 983 522 Catulliano
1017 481 1142 535 probo
1178 480 1448 536 reperiuntur,
1479 477 1581 520 talia
1611 480 1722 518 sunt:

171 574 173 577 »
223 549 447 592 demostres
477 548 561 600 LV,
590 550 617 591 2
654 548 815 591 Santen.
860 554 901 590 et
929 548 1153 604 Hamburg.
1190 553 1391 591 mostrum
1435 547 1605 597 LXHII,
1642 546 1717 586 101

223 618 461 668 Golbertin.,
493 622 648 659 mostra
677 616 810 670 CIIII,
841 619 869 660 4
924 617 1108 660 Datanus
1144 623 1191 660 ut
1231 617 1396 660 videtur
1425 616 1560 672 prima
1588 628 1723 656 manu.

223 688 329 730 Item
366 687 472 729 elisa
509 701 535 727 n
575 686 699 728 festra
734 700 808 742 pro
849 687 1029 729 fenestra
1071 686 1174 728 dixit
1206 686 1362 728 Ennius
1403 685 1514 742 apud
1548 684 1723 727 Macrob.

228 757 312 800 Sat.
335 755 414 808 III,
438 756 490 798 12
520 770 560 812 p.
581 755 664 800 305
684 755 772 800 Jan.
805 769 935 810 neque
965 755 1080 799 aliter
1109 770 1155 799 ac
1176 755 1361 798 Catullus
1391 755 1563 799 scribere
1592 752 1726 796 voluit

110 849 115 857 x
224 824 432 878 Vergilius
462 825 509 868 cf.
540 825 734 879 Wagneri
765 824 947 878 Orthogr.
978 825 1098 878 Verg.
1130 840 1169 881 p.
1192 827 1289 869 456.
1320 826 1418 868 458.
1477 823 1723 866 Fleckeisen.

50 943 54 946 .
224 907 318 936 ann.
339 893 460 935 Jahn.
483 893 554 935 LX
575 908 614 948 p.
637 894 733 936 261.
764 919 821 924 --
851 893 1072 947 Aliquanto
1100 893 1247 936 deinde
1278 894 1440 949 saepius
1469 908 1495 934 n
1522 891 1726 934 omittitur

0 925 38 1042 ξ
225 962 334 1018 apud
362 967 504 1018 poetas
535 961 740 1004 scaenicos
761 961 950 1015 antiquos
980 962 1024 1002 in
1045 962 1404 1004 terminationibus
1423 958 1726 1017 participiorum

0 1047 19 1087 ῃ
224 1044 356 1086 praes,
386 1035 460 1073 act.
491 1032 546 1072 A·
576 1036 616 1073 et
648 1032 698 1071 E·
729 1030 1045 1084 coniugationis‚
1085 1045 1166 1086 qua
1195 1031 1244 1072 de
1274 1045 1315 1072 re
1346 1030 1430 1085 egit
1460 1030 1680 1072 Corssenus
1709 1029 1727 1070 Ι

0 1088 28 1111 '⁴‘
224 1113 264 1155 p.
287 1100 371 1142 252
401 1103 442 1141 et
471 1099 669 1155 supplem.
703 1099 791 1141 crit.
821 1113 861 1155 p.
883 1101 994 1142 245:
1040 1099 1175 1140 Huius
1207 1099 1388 1140 elisionis
1418 1112 1545 1140 unum
1575 1098 1618 1139 in
1640 1112 1728 1153 per-

229 1169 456 1211 scrutandis
478 1168 629 1211 Catulli
661 1168 910 1212 carminibus
940 1168 1171 1225 exemplum
1202 1169 1355 1220 inveni,
1388 1167 1458 1211 sed
1478 1166 1557 1209 fide
1578 1166 1727 1222 dignis-

225 1237 376 1278 simum
407 1237 514 1292 quod
545 1242 608 1279 est
637 1242 806 1279 antistas
835 1238 970 1288 VIIII,
1003 1239 1052 1279 2;
1092 1238 1282 1289 ,antistas
1317 1238 1421 1279 mihi
1452 1237 1624 1279 milibus
1653 1241 1728 1277 tre-

225 1306 381 1350 centis‘.
438 1306 505 1348 Sic
545 1320 684 1349 omnes
714 1307 866 1350 habent
908 1307 995 1349 sine
1026 1307 1113 1349 ulla
1144 1307 1417 1362 discrepantia
1445 1305 1604 1348 codices
1634 1305 1728 1347 boni

225 1388 300 1416 nec
329 1387 492 1416 causam
526 1388 621 1416 sane
650 1374 769 1417 video
801 1389 870 1416 cur
889 1375 1097 1417 traditioni
1117 1375 1382 1431 planissimae
1409 1379 1449 1416 et
1478 1374 1728 1416 certissimae

224 1442 398 1485 editores
428 1443 552 1484 diffisi
583 1443 678 1485 sint.
737 1442 925 1485 Formam
965 1458 986 1485 e
1032 1458 1215 1486 sermone
1246 1443 1408 1499 plebeio
1438 1442 1503 1485 vel
1533 1442 1728 1484 familiari

224 1516 475 1568 assumptam
507 1512 571 1553 cui
603 1512 791 1568 exempla
820 1512 969 1553 similia
997 1527 1048 1554 ne
1069 1513 1253 1554 Lucretio
1281 1512 1445 1567 quidem
1475 1512 1635 1563 absunt,
1667 1525 1728 1551 ar-

225 1580 430 1634 gumentis
462 1580 564 1622 satis
594 1580 752 1622 idoneis
783 1582 1070 1623 confirmarunt
1088 1581 1276 1623 Handius
1307 1582 1465 1623 observ.
1494 1579 1580 1621 crit.
1611 1593 1650 1634 p.
1671 1581 1728 1621 44

225 1652 266 1690 et
294 1648 474 1690 Kochius
504 1648 549 1689 in
578 1662 679 1690 mus.
709 1648 836 1692 Rhen.
858 1649 988 1700 VIIII,
1021 1664 1058 1703 p.
1080 1649 1176 1693 305.
1208 1649 1281 1700 XI,
1313 1663 1352 1704 p.
1375 1650 1471 1692 640.
1503 1672 1555 1677 —
1587 1647 1727 1689 Eidem

228 1729 347 1772 porro
379 1730 576 1759 consonae
607 1717 770 1772 saepius
799 1717 963 1769 accidit,
1005 1723 1052 1760 ut
1082 1718 1288 1774 duplicata
1317 1722 1510 1774 appareat
1539 1717 1583 1758 in
1613 1716 1728 1758 certis

229 1784 476 1840 quibusdam
507 1785 716 1828 vocabulis
756 1800 925 1841 quorum
964 1800 1060 1842 pars
1103 1787 1216 1843 prior
1251 1801 1301 1829 ex
1330 1801 1402 1828 con
1430 1785 1728 1842 praepositione

228 1857 397 1904 constat,
428 1854 555 1895 altera
582 1854 747 1896 initium
779 1855 885 1910 capit
913 1857 965 1897 ab
994 1870 1020 1896 n
1041 1856 1189 1897 littera.
1247 1857 1296 1897 In
1316 1856 1392 1897 hoc
1411 1860 1547 1896 tamen
1566 1854 1728 1909 parium

226 1936 495 1965 consonarum
525 1937 721 1966 concursu
750 1924 987 1966 alterutram
1016 1940 1042 1966 n
1073 1925 1161 1967 loco
1191 1924 1383 1967 decedere
1413 1939 1463 1965 ex
1492 1922 1728 1977 antiquissi-

228 1990 307 2032 mis
348 1980 620 2034 membranis‘
644 1993 878 2035 observavit
917 1993 1078 2036 Lachm.
1122 1993 1172 2034 ad
1204 1994 1318 2036 Lucr.
1350 2007 1389 2048 p.
1426 1992 1516 2034 136.
1585 1991 1729 2045 Itaque

225 2059 481 2101 scribendum
511 2074 600 2103 esse
639 2062 857 2103 conubium
894 2067 1088 2103 conectere
1130 2066 1256 2103 coniti
1296 2067 1336 2103 et
1379 2075 1480 2115 quae
1517 2060 1598 2101 alia
1634 2064 1731 2101 sunt

226 2131 405 2180 cognata.
467 2128 617 2170 Veram
655 2143 742 2171 esse
785 2129 888 2170 hanc
936 2129 1118 2183 regulam
1160 2129 1264 2171 liber
1306 2133 1475 2171 testatur
1509 2128 1731 2169 Thuaneus

229 2195 455 2245 Veronensi
483 2197 691 2252 aliquanto
720 2198 933 2249 vetustior,
966 2198 1080 2240 cuius
1108 2198 1225 2253 longe
1253 2198 1432 2240 maxima
1461 2202 1524 2240 est
1552 2197 1597 2238 in
1626 2196 1731 2247 redi-

226 2264 356 2321 gendo
388 2266 540 2309 catulli
570 2267 748 2309 carmine
769 2267 882 2309 LXII
911 2268 1145 2310 auctoritas:
1176 2268 1342 2323 praebet
1372 2266 1480 2309 enim
1506 2267 1544 2307 is
1565 2266 1730 2322 quidem

228 2350 296 2379 vv.
319 2336 373 2379 27
405 2340 446 2378 et
476 2336 528 2380 57
561 2341 698 2393 aperte
728 2339 958 2389 conubium,
991 2337 1143 2392 reliqui
1173 2351 1265 2379 cum
1295 2336 1362 2378 hic
1392 2342 1432 2379 et
1452 2336 1550 2379 alibi
1570 2350 1730 2392 semper

226 2405 540 2461 geminationem
572 2405 729 2448 litterae
759 2411 963 2449 tueantur.

339 2473 539 2517 Litteram
567 2490 606 2517 m
644 2475 707 2519 bis
746 2476 929 2519 catuuus
965 2475 1136 2519 extrusit
1172 2476 1218 2517 in
1248 2475 1397 2519 Graeco
1431 2475 1596 2519 nomine
1625 2478 1729 2530 tym-

225 2557 381 2601 panum
414 2543 564 2596 LXIII,
596 2546 621 2587 8
652 2550 693 2586 et
724 2547 750 2588 9
779 2545 960 2587 metricis
990 2545 1136 2594 causis,
1168 2545 1324 2586 scilicet
1351 2549 1400 2586 ut
1430 2545 1634 2600 syllabam
1663 2557 1730 2598 po-

225 2614 371 2657 sitione
403 2612 644 2669 productam
664 2615 893 2671 corriperet,
924 2613 1031 2668 quod
1051 2613 1209 2669 primus
1229 2618 1336 2657 recte
1356 2613 1535 2670 percepit
1554 2611 1731 2668 Scaliger

227 2683 278 2726 cf.
311 2683 435 2724 etiam
464 2682 591 2724 Varro
623 2683 712 2725 Sat>
739 2683 844 2726 Men.
877 2685 945 2734 31,
977 2684 1043 2725 36.

239 2795 242 2796 ⁷
339 2752 377 2793 9.
399 2750 520 2793 Haud
531 2765 619 2794 raro
629 2752 753 2794 etiam
767 2753 936 2795 rlittera
943 2751 1095 2794 decidit
1104 2752 1147 2794 in
1158 2752 1364 2794 adverbiis
1366 2763 1602 2805 prosuspro
1606 2765 1730 2804 pror-

118 2811 124 2813 ’
177 2815 179 2818 ⁴
224 2834 311 2872 eus,
343 2834 492 2863 rusum
510 2834 583 2876 pro
605 2835 789 2873 rursum,
813 2835 959 2864 sus‘wm
978 2834 1049 2878 pro
1080 2835 1252 2865 sursum
1272 2825 1344 2865 etc.
1366 2819 1546 2864 maxime
1567 2819 1730 2863 usitatis
