1923 3104
897 39 975 112 19⁴

305 200 386 247 tur,
416 210 443 238 a
473 195 666 244 ductibus
684 193 915 238 litterarum
935 207 1016 236 non
1036 192 1135 236 satis
1156 191 1366 248 explanari
1386 192 1529 249 possit.
1568 191 1672 233 Tum

275 264 296 325 ζ
312 269 423 309 extat
436 262 894 316 LXV111b‚124‚unde
910 261 1096 306 Nobbius
1117 260 1167 303 de
1178 261 1318 304 metris
1335 260 1483 304 Catulli
1504 259 1546 302 II
1562 274 1602 316 p.
1622 260 1674 302 10

332 333 377 375 in
403 330 668 381 LXXXVIII,
700 332 726 373 8
756 344 830 387 pro
860 334 990 384 capite
1017 330 1155 386 potius
1185 333 1312 383 capiti
1339 329 1555 383 legendum
1586 341 1674 369 esse

169 381 357 456 collegit.
409 400 490 444 Sed
509 399 584 442 illa
602 399 803 448 sententia
821 413 895 442 nec
914 398 1063 441 codicis
1083 398 1210 440 ullius
1231 397 1470 440 auctoritate
1490 398 1674 441 firmatur

168 477 303 524 ‘neque
342 467 670 513 obliviscendum
700 472 761 508 est
789 471 950 523 poetam
980 467 1026 508 in
1054 467 1201 508 ultima
1229 466 1475 522 pentametri
1505 465 1669 520 syllaba

137 549 142 583 ζ
161 537 359 581 ‘nondum
396 541 445 579 ut
482 535 728 592 posteriores
765 537 1002 578 observasse
1038 540 1167 577 certae
1197 534 1362 588 regulae
1391 534 1672 576 constantiam

86 596 141 657 „⁵⁷
178 596 363 663 Denique
403 605 482 647 rati
511 604 684 657 LXIIII,
732 607 809 647 121
853 605 896 646 in
938 618 1055 646 omne
1104 609 1266 659 tempus
1307 603 1530 646 correxisse
1572 602 1675 644 mihi

95 685 102 712 ἱ
131 697 140 701 -
176 673 341 730 videtur
382 673 637 716 Passeratius
695 687 816 728 quem
859 672 1097 716 Schwabius
1146 675 1308 714 secutus
1356 676 1428 715 est.
1491 671 1676 725 Namque

105 744 108 746 ’
175 742 330 788 tradita
369 742 542 785 lectione
583 747 687 784 ratis
731 747 771 784 et
818 743 1066 784 concinnitas
1115 742 1307 784 orationis
1349 740 1595 796 pervertitur
1635 744 1677 782 et

160 824 321 863 >{sensus
350 810 519 854 laborat.
568 810 679 861 Quae
708 825 758 851 ne
787 811 931 866 longus
962 811 1039 852 sim
1068 811 1237 866 probare
1265 823 1373 851 nunc
1403 809 1601 859 omittam,
1633 813 1676 849 at

0 874 103 943 [JQ
180 879 233 929 de,
263 879 418 933 origine
447 879 698 935 corruptelae
729 884 773 921 ut
801 879 1071 933 inquiramus,
1102 893 1183 920 non
1213 878 1441 920 errabimus
1467 883 1676 934 censentes

174 948 224 991 in
267 948 481 1003 archetypo
509 951 595 988 rati
622 947 816 1003 scriptum
847 948 990 1000 fuisse,
1021 947 1129 1002 quod
1160 961 1252 989 cum
1282 946 1474 989 librarius
1495 945 1675 1001 exempli

0 1017 53 1055 ὂψ
77 1008 81 1016 ’
177 1016 425 1060 Veronensis
454 1020 527 1058 aut
554 1015 687 1070 legere
716 1030 798 1058 non
827 1017 1030 1072 potuisset
1058 1020 1129 1058 aut
1158 1015 1266 1071 quod
1295 1015 1381 1057 veri
1417 1014 1593 1056 similius
1614 1018 1677 1055 est

176 1085 312 1142 prima
359 1085 499 1127 littera
540 1085 748 1140 proximae
795 1085 985 1127 dictionis
1028 1100 1218 1139 spumosa
1259 1084 1452 1139 deceptus
1492 1084 1534 1124 in
1572 1087 1677 1124 ratis

178 1153 374 1209 mutavit,
415 1167 518 1209 quae
556 1154 674 1195 lectio
712 1168 851 1196 omnes
889 1153 1078 1210 deinceps
1116 1153 1271 1196 codices
1302 1152 1528 1208 occupavit.
1588 1151 1675 1193 Iam

4 1213 74 1243 ¹
120 1262 123 1265 .
178 1235 275 1264 vero
317 1222 360 1264 in
402 1222 617 1264 adiectivis
653 1237 736 1265 non
774 1223 945 1266 eandem
974 1236 1114 1265 omnes
1144 1227 1285 1278 poetae
1315 1221 1516 1263 rationem
1547 1220 1675 1262 secuti

0 1293 6 1301 ¹
34 1337 40 1341 .
181 1294 290 1343 sunt,
334 1290 406 1332 sed
445 1304 520 1346 pro
559 1291 681 1333 metri
712 1292 939 1333 rationibus
979 1291 1205 1334 ablativum
1227 1304 1383 1342 ⁴eorum
1412 1289 1532 1331 modo
1561 1303 1634 1344 per
1664 1295 1680 1329 ι·

40 1350 51 1405 ζ
111 1359 113 1361 ’
177 1357 297 1402 1110ᾶο
332 1373 406 1414 per
434 1374 454 1400 e
482 1360 751 1415 protulerunt.
812 1360 880 1402 Sic
915 1365 1055 1402 contra
1090 1359 1302 1413 vulgarem
1339 1372 1461 1399 usum
1491 1357 1677 1399 Catullus

177 1426 285 1472 <fixit
314 1425 437 1470 Troia
456 1427 617 1470 infelice
637 1428 857 1481 LXVIIIb,
889 1430 957 1472 99.
977 1428 1087 1470 idem
1107 1442 1200 1470 vero
1227 1427 1338 1482 quod
1358 1442 1450 1470 cum
1472 1425 1678 1483 plerisque

178 1495 275 1538 fecit
324 1495 480 1548 sollerti
530 1497 649 1539 corde
696 1497 870 1548 LXIIII,
921 1498 1004 1541 294
1053 1497 1179 1539 semel
1221 1496 1424 1551 discrepat
1466 1494 1586 1551 0vid.
1629 1508 1678 1535 ex

0 1563 18 1584 ⁹*
37 1569 103 1611 us·
177 1563 307 1612 Ponto
338 1563 410 1616 IV,
444 1565 509 1617 14,
541 1566 608 1608 35.
650 1565 782 1607 Multo
810 1566 941 1620 magis
971 1566 1166 1608 fluctuant
1194 1565 1395 1607 adjectiva
1425 1578 1528 1619 quae
1556 1563 1600 1604 in
1626 1577 1674 1603 ns

20 1641 77 1662 ²
182 1631 332 1676 cadunt
351 1637 392 1675 et
412 1637 607 1687 tanquam
628 1634 931 1690 participiorum
951 1635 1122 1676 formam
1136 1633 1368 1675 induerunt.
1400 1633 1519 1674 Talia
1538 1633 1582 1674 in
1597 1646 1680 1673 car-

7 1696 85 1750 ..³³29
118 1748 132 1754 „
178 1700 364 1755 minibus
385 1700 537 1743 Catulli
553 1702 813 1756 reperiuntur
828 1703 893 1745 his
905 1703 1024 1745 locis:
1046 1703 1271 1758 impotente
1286 1716 1421 1744 amore
1433 1701 1597 1752 XXXV,
1618 1701 1679 1742 12.

85 1784 102 1829 :.⁷
132 1817 134 1820 f
179 1764 365 1823 elegante
409 1768 551 1823 lingua
588 1770 822 1822 XXXXIII,
851 1773 892 1815 4.
932 1776 1090 1814 recente
1130 1771 1326 1826 sanguine
1357 1770 1506 1821 LXIII,
1539 1771 1577 1812 7.
1609 1768 1679 1810 sed

104 1829 107 1878 s
178 1838 334 1890 amenti
365 1838 500 1880 furore
521 1839 695 1892 LXIIII,
730 1841 823 1883 197.
855 1840 1045 1883 clementi
1073 1840 1236 1882 flamine
1265 1840 1367 1882 ibid.
1399 1842 1481 1883 272
1512 1844 1553 1880 et
1582 1839 1677 1881 274.

109 1930 111 1932 ·
179 1905 340 1953 Rursus
368 1906 598 1962 ubicunque
627 1908 844 1965 participia
868 1909 958 1951 vice
986 1909 1277 1952 adiectivorum
1296 1909 1530 1963 funguntur,
1562 1907 1680 1960 longe

101 1985 105 1998 ²
179 1974 357 2016 maxima
386 1989 435 2016 ex
464 1980 580 2031 parte
609 1977 839 2019 ablativum
857 1978 901 2019 in
922 1982 942 2018 i
959 1978 1117 2028 finiunt,
1139 1978 1267 2019 veluti
1289 1978 1447 2019 docent:
1478 1975 1679 2017 desiderio

122 2048 125 2053 '
182 2042 331 2087 nitenti
359 2043 415 2095 II,
448 2044 485 2088 5.
517 2044 668 2087 furenti
688 2045 802 2088 rabie
830 2045 981 2097 LXIII,
1011 2047 1049 2089 4.
1080 2046 1281 2100 mugienti
1301 2046 1467 2087 fremitu
1486 2043 1586 2087 ibid.
1611 2043 1677 2086 82.

84 2112 109 2167 ζςῇ
181 2111 373 2165 candenti
393 2126 414 2153 e
435 2112 592 2168 gurgite
612 2113 786 2165 LXIIII,
812 2115 876 2158 14.
899 2114 1070 2156 laetanti
1091 2118 1208 2156 coetu
1223 2114 1291 2157 33.
1313 2114 1485 2168 fulgenti
1505 2126 1601 2155 auro
1613 2112 1680 2154 44.

102 2190 105 2193 '
185 2178 398 2236 languenti
427 2181 544 2223 corde
575 2182 643 2224 99.
684 2183 849 2226 sudanti
880 2183 1025 2225 cortice
1057 2184 1150 2227 106.
1191 2183 1359 2225 laetanti
1388 2187 1551 2239 pectore
1583 2182 1679 2224 221.

19 2251 105 2309 2-[1.
181 2249 344 2300 nutanti
355 2249 524 2306 platano
539 2250 635 2293 290.
658 2251 742 2294 sole
755 2253 831 2296 sub
846 2252 1007 2295 ardenti
1022 2252 1105 2295 354
1121 2252 1325 2295 constanti
1338 2254 1574 2297 mente209.
1583 2253 1680 2296 238.

183 2318 388 2364 mordenti
417 2323 549 2362 rostro
578 2319 793 2372 LXVIIIb,
835 2323 928 2367 127.
979 2322 1112 2365 Semel
1141 2327 1225 2365 toto
1256 2336 1376 2378 opere
1406 2323 1514 2365 hunc
1541 2336 1680 2364 casum

16 2397 86 2444 ,μί
127 2420 130 2423 .
180 2400 253 2444 per
281 2402 302 2430 e
331 2388 478 2432 extulit
505 2388 678 2442 LXIIII,
724 2391 828 2434 387:
867 2390 1019 2447 templo
1056 2391 1099 2433 in
1128 2391 1318 2446 fulgente.
1378 2391 1519 2435 Sicubi
1547 2395 1681 2433 autem

17 2449 129 2511 Ᾰῖζεζ
181 2455 356 2520 ablativi
400 2458 583 2501 absoluti
627 2473 747 2514 quem
792 2464 939 2502 vocant
981 2460 1095 2502 locus
1133 2464 1213 2511 est,
1256 2474 1305 2502 ex
1334 2474 1446 2503 more
1476 2459 1681 2503 communi

89 2544 97 2583 j
117 2565 120 2571 .
172 2523 329 2582 'suffixo
350 2540 371 2567 e
389 2530 510 2582 poeta
537 2527 668 2569 utitur
687 2532 846 2583 praeter
866 2528 1042 2581 LXIIII‚
1072 2528 1174 2570 376:
1205 2529 1354 2571 orienti
1384 2529 1474 2571 luce
1494 2543 1568 2571 1100
1586 2528 1680 2569 aliis

78 2616 93 2655 g
125 2591 127 2594 ’
183 2591 272 2641 eius
311 2594 423 2640 modi
463 2596 649 2653 exempla
677 2611 844 2654 prorsus
873 2596 1014 2640 deesse
1043 2597 1222 2641 ostendit
1249 2597 1373 2650 Neue,
1405 2598 1474 2641 Gr.
1504 2598 1591 2641 Lat.
1623 2596 1679 2649 II,

65 2657 114 2722 ,ξ’
181 2676 221 2719 p.
250 2664 310 2707 44
345 2678 405 2719 sq,
443 2666 492 2707 cf.
533 2666 657 2708 etiam
698 2667 740 2708 II
770 2681 810 2723 p.
841 2668 909 2710 29.
947 2668 1016 2710 33.
1047 2668 1113 2710 37.
1147 2680 1237 2721 sqq.
1297 2668 1358 2710 De
1393 2682 1471 2709 usu
1501 2666 1679 2710 Lucretii

172 2730 257 2786 'qui
294 2732 427 2776 multo
467 2733 563 2789 plus
602 2749 725 2789 quam
766 2735 954 2778 Catullus
993 2735 1037 2776 in
1075 2734 1153 2778 1100
1191 2750 1336 2791 genere
1370 2736 1451 2780 sibi
1479 2734 1679 2792 permisit,

80 2796 130 2863 {s
183 2806 352 2856 'egerunt
406 2801 540 2855 Proll,
592 2803 641 2844 de
689 2804 870 2858 antiquis
919 2804 1060 2846 formis
1111 2805 1223 2848 Lucr.
1267 2820 1306 2860 p.
1348 2806 1401 2847 25
1448 2809 1488 2846 et
1534 2803 1679 2846 Kuehn

1430 2873 1474 2911 2*
