1923 3104
895 68 953 111 30

169 203 276 246 quae
304 190 481 247 priscam
512 191 695 247 linguam
725 191 969 243 redolerent,
1001 191 1043 234 id
1075 191 1180 247 quod
1205 191 1358 235 Catulli
1387 196 1473 236 tum
1492 193 1674 238 Lucretii

163 272 264 302 usus
292 259 524 302 luculenter
544 260 674 314 docet,
700 260 760 303 ita
780 260 905 303 etiam
925 260 971 302 in
990 260 1162 302 flexione
1183 260 1436 316 quorundam
1456 263 1671 306 verborum

164 331 265 370 satis
296 329 429 371 multa
458 334 745 372 remanserunt
774 329 928 372 veteris
959 329 1269 372 consuetudinis
1298 330 1483 385 vestigia.
1533 331 1673 376 Cuius—

163 397 277 440 modi
307 397 416 439 enim
445 397 709 441 formationes
738 398 915 440 maxime
944 393 1075 454 poetis
1105 397 1205 440 adeo
1236 398 1487 454 placuerunt,
1518 404 1566 442 ut
1592 413 1673 443 non

164 470 250 507 tam
286 465 544 519 antiquitatis
582 467 718 509 studio
748 467 908 521 abrepti
938 480 1059 520 quam
1089 467 1213 509 metri
1243 467 1470 510 rationibus
1500 469 1673 523 permoti

165 534 356 576 licentias
393 548 531 576 earum
569 535 726 590 passim
763 535 845 578 sibi
881 535 1127 577 concessisse
1163 535 1390 578 videantur.
1454 536 1538 578 Iam
1576 549 1672 578 vero

165 608 212 644 ut
261 603 302 644 in
354 602 527 657 singulis
569 602 619 644 de
656 602 923 645 declinatione
954 605 1168 646 verborum
1205 604 1339 657 quoad
1376 618 1482 646 nunc
1516 604 1568 646 ad
1599 618 1673 647 nos

165 672 371 727 pertineat
400 671 678 725 inquiramus,
710 671 791 714 duo
822 672 1083 728 potissimum
1114 685 1260 726 genera
1289 673 1533 716 secernenda
1562 677 1670 724 sunt,

164 740 206 780 in
245 739 393 794 quibus
432 739 732 795 perspiciuntur
767 740 923 795 priscae
962 744 1002 781 et
1037 741 1234 794 genuinae
1277 741 1572 795 coniugationis
1610 755 1672 782 re·

166 809 332 861 liquiae.
400 809 580 857 Quorum
627 808 790 862 quidem
831 809 957 851 altero
999 809 1225 851 continetur
1265 811 1428 852 ubertas
1472 809 1671 864 quaedam

164 890 256 918 cum
297 876 520 917 formarum
557 881 645 918 tum
685 876 901 932 praecipue
940 877 1288 926 terminationum‚
1325 876 1453 918 altero
1493 878 1670 920 varietas

164 951 205 987 et
234 946 443 988 fluctuatio
472 946 517 987 in
547 945 780 988 declinandi
808 945 1049 989 rationibus.

279 1031 320 1056 α.
352 1014 401 1055 111
430 1014 563 1069 priore
594 1027 737 1068 genere
766 1013 1173 1056 animadvertendum
1203 1018 1265 1056 est
1658 1054 1659 1057 ,

283 1091 317 1127 1.
359 1084 532 1125 verbum
556 1096 678 1135 posse
716 1096 808 1124 cum
846 1083 949 1124 nihil
987 1083 1097 1124 aliud
1135 1087 1188 1125 sit
1217 1083 1295 1123 nisi
1326 1083 1592 1138 compositum
1621 1097 1670 1124 ex

164 1150 359 1193 adverbio
380 1154 495 1205 potis
515 1150 583 1192 vel
596 1155 694 1204 pote
714 1155 754 1192 et
773 1151 896 1192 verbo
918 1151 1174 1193 substantivo
1195 1166 1291 1202 esse,
1322 1151 1421 1193 satis
1442 1150 1671 1205 frequenter
1732 1148 1735 1149 ⁷

163 1233 246 1261 non
283 1219 418 1261 solum
457 1219 567 1274 apud
608 1225 746 1274 poetas
784 1220 988 1261 scaenicos
1026 1220 1213 1273 antiquos
1244 1223 1284 1260 et
1312 1219 1562 1272 Lucretium,
1599 1219 1671 1261 sed

164 1287 287 1330 etiam
325 1287 433 1343 apud
474 1286 683 1330 Catullum
718 1287 776 1328 ita
811 1287 1009 1343 scriptum
1045 1292 1200 1339 extare,
1243 1291 1290 1328 ut
1328 1301 1447 1329 suum
1486 1300 1669 1342 quaeque

166 1356 303 1396 locum
332 1369 412 1397 vox
443 1355 638 1397 obtineat.
689 1355 740 1395 ln
769 1368 849 1408 quo
883 1356 1006 1397 simul
1027 1356 1185 1406 accidit,
1215 1360 1262 1396 ut
1281 1357 1450 1397 verbum
1472 1354 1672 1398 auxiliare

163 1423 287 1466 modo
318 1423 491 1466 addatur
520 1422 639 1465 modo
671 1423 882 1465 omittatur
912 1427 1034 1479 prout
1062 1437 1145 1465 una
1172 1422 1350 1465 alterave
1379 1423 1510 1465 forma
1543 1426 1671 1465 metro

164 1493 325 1535 facilius
377 1492 653 1547 subiungitur.
732 1493 793 1534 Ac
841 1492 1046 1547 separavit
1095 1491 1283 1534 Catullus
1333 1491 1435 1534 duas
1483 1491 1672 1536 vocabuli

163 1565 297 1619 partes
328 1561 442 1604 hisce
471 1560 590 1603 locis:
631 1560 739 1617 potis
770 1565 834 1603 est
861 1560 993 1613 LXV,
1030 1560 1069 1603 3.
1099 1559 1275 1611 LXXII,
1315 1561 1353 1603 7.
1383 1558 1573 1612 LXXVI,
1603 1562 1672 1605 24.

163 1630 271 1686 potis
302 1630 358 1672 sit
388 1629 509 1681 CXV,
530 1632 557 1672 3
584 1643 830 1683 quamquam
851 1629 950 1670 haec
969 1630 1098 1670 forma
1117 1629 1252 1670 nescio
1273 1642 1325 1671 an
1345 1629 1493 1670 rectius
1514 1633 1670 1671 contra-

164 1697 300 1740 henda
328 1698 382 1739 sit
410 1698 454 1739 in
475 1701 659 1752 polimii,
691 1702 737 1739 ut
764 1697 845 1738 iam
877 1696 1016 1752 Lipsio
1048 1710 1131 1738 var.
1163 1696 1253 1738 lect.
1286 1696 1306 1737 I
1336 1710 1374 1751 p.
1399 1696 1452 1739 14
1483 1700 1524 1738 et
1544 1709 1673 1752 nuper

163 1767 422 1809 Lachmanno
470 1766 512 1807 in
556 1766 733 1807 Lucretii
775 1766 825 1817 V,
875 1765 954 1808 881
1001 1766 1135 1807 visum
1187 1770 1249 1806 est
1290 1768 1453 1820 propter
1497 1763 1672 1807 similem

165 1836 410 1891 scripturam
444 1839 597 1889 potz'szt
635 1835 678 1875 in
722 1834 798 1876 SC.
843 1834 893 1875 de
936 1834 1134 1875 Bacchan.
1171 1833 1256 1874 Nec
1296 1832 1411 1888 parvi
1449 1832 1525 1876 hac
1558 1832 1602 1876 in
1629 1846 1672 1876 re

163 1903 429 1946 diiudicanda
456 1903 656 1945 momenti
686 1906 749 1944 est
774 1902 882 1957 quod
904 1902 1140 1944 sinceriores
1161 1901 1256 1943 libri
1276 1915 1416 1944 omnes
1436 1901 1479 1943 in
1500 1900 1672 1946 lectione

155 1977 366 2027 potuisset
406 1972 660 2028 conspirant,
704 1971 819 2013 cuius
861 1971 971 2024 origo
1016 1970 1134 2012 facile
1175 1969 1426 2024 intelligitur.
1495 1969 1671 2012 Librarii

164 2041 276 2084 enim
305 2041 413 2084 illud
434 2044 607 2096 potis-sit
635 2053 727 2083 cum
757 2039 857 2095 quid
887 2039 969 2083 sibi
987 2039 1110 2081 vellet
1135 2052 1216 2081 non
1237 2037 1492 2095 dispicerena
1522 2052 1566 2081 es
1593 2052 1671 2095 quo

163 2110 248 2151 dixi
284 2110 405 2152 modo
443 2113 719 2165 corruperunt.
780 2109 887 2150 Tum
917 2108 1103 2150 Lucretio
1142 2108 1304 2163 saepius
1345 2107 1552 2160 aliquanto
1575 2112 1674 2161 pote

163 2178 268 2220 dixit
310 2178 462 2220 omisso
506 2177 629 2219 verbo
670 2177 904 2220 subtantivo
949 2176 1061 2218 velut
1103 2176 1243 2227 XVII,
1274 2177 1342 2219 24.
1391 2174 1598 2226 XXXXV,
1630 2175 1669 2218 5.

162 2247 326 2301 LXVII,
361 2248 427 2289 11.
458 2245 645 2297 LXXVI,
671 2247 736 2289 16.
766 2245 1069 2296 LXXXXVIII,
1095 2246 1111 2286 1
1140 2244 1190 2287 cf.
1214 2244 1331 2298 Verg.
1353 2244 1457 2286 Aen.
1477 2243 1551 2294 ΠΙ,
1574 2244 1669 2285 671.

163 2316 304 2359 Horat.
327 2315 459 2357 Carm.
491 2314 567 2367 ΙΙΙ,
602 2315 667 2366 17,
704 2316 765 2357 13.
795 2314 908 2356 Pers.
939 2314 971 2367 I,
1003 2313 1070 2356 56.
1122 2313 1202 2356 Sed
1233 2312 1483 2355 infinitivum
1506 2316 1669 2366 potesse

163 2385 309 2426 Plauto
331 2389 372 2426 et
391 2383 580 2424 Lucretio
607 2382 847 2424 familiarem
873 2382 1056 2435 aliasque
1082 2381 1204 2423 huius
1224 2381 1338 2423 verbi
1361 2381 1511 2422 formas
1530 2380 1668 2427 minus

161 2452 335 2497 usitatas
381 2464 482 2508 quas
513 2450 607 2493 vide
649 2450 759 2508 apud
799 2449 974 2493 Novium
1002 2449 1043 2491 II
1081 2463 1121 2506 p.
1151 2449 1235 2493 467
1273 2462 1352 2504 sq.,
1397 2462 1490 2490 cum
1525 2448 1669 2496 ceteris

161 2521 299 2578 poetis
325 2520 644 2575 elegantissimis
675 2519 861 2562 Catullus
891 2519 1055 2560 omnino
1087 2519 1252 2574 sprevit.

276 2592 315 2633 2.
358 2590 659 2644 Argumentum
688 2601 810 2644 porro
839 2588 993 2630 veteris
1034 2587 1197 2643 linguae
1234 2586 1435 2630 ubertatis
1471 2590 1533 2629 est
1562 2585 1670 2642 quod
1700 2639 1702 2641 ι

164 2659 393 2702 infinitivus
424 2672 559 2716 praes,
589 2672 695 2714 pass.
728 2657 931 2714 duplicem
959 2657 1152 2699 asciscere
1182 2660 1317 2713 potest
1343 2655 1668 2698 terminationem

161 2732 181 2770 i
218 2732 257 2771 et
294 2731 373 2779 ier,
421 2741 525 2783 quae
561 2726 693 2769 altera
722 2726 824 2768 satis
853 2726 935 2768 lato
965 2730 1175 2782 poetarum
1206 2739 1281 2766 usu
1312 2725 1486 2779 vigebat.
1518 2724 1670 2777 Verum

161 2801 297 2839 tamen
335 2796 434 2839 haec
474 2796 695 2839 formarum
723 2794 977 2838 abundantia
1006 2808 1087 2849 qua
1115 2793 1286 2836 Plautus
1317 2797 1357 2835 et
1386 2792 1609 2848 Terentius,
1631 2797 1671 2837 et
1720 2806 1722 2809 ’
