1923 3104
932 111 1072 156 35*

260 228 416 292 tullum
457 241 502 283 in
546 241 732 284 trimetro
773 243 955 282 scazonte
994 238 1187 281 carminis
1220 236 1477 289 XXXVIIII,
1510 237 1582 280 14:
1621 240 1707 288 ,aut

262 298 272 321 ⁴
303 310 419 354 lubet
447 311 516 366 qui
545 309 699 367 puriter
727 309 827 350 lavit
855 308 1023 359 dentes‘,
1052 307 1126 350 ubi
1155 307 1269 350 salvo
1298 312 1426 349 metro
1457 306 1579 348 etiam
1599 307 1707 347 lavat

168 374 179 422 s
204 379 383 433 scribere
423 379 550 422 licuit.
611 377 726 429 Quod
764 391 853 419 cum
893 391 917 418 a
953 390 996 419 se
1025 391 1107 419 non
1137 376 1375 433 impetraret
1404 381 1543 432 poeta,
1584 374 1704 416 facile

165 437 381 504 sadducor
423 453 470 490 ut
513 462 607 489 eum
642 460 754 488 mero
792 445 1052 501 antiquitatis
1091 444 1227 487 studio
1270 445 1438 487 ductum
1472 445 1549 486 illo
1584 442 1705 485 modo

194 505 358 570 'dixisse
370 521 523 573 putem.
555 515 703 557 Contra
721 515 839 556 metri
853 513 1178 557 commoditatem
1198 514 1285 556 sine
1302 514 1424 556 dubio
1442 519 1705 570 respexerunt

203 585 408 642 Vergilius
439 584 579 638 Georg.
600 583 674 636 ΠΙ,
705 583 801 628 359.
823 584 925 626 Αο11.
954 583 1036 636 III,
1068 583 1150 626 663
1178 587 1219 625 et
1243 583 1438 625 Horatius
1460 583 1589 625 Carm.
1611 582 1704 633 IIII,

204 657 248 706 6,
281 656 335 697 26
365 653 555 708 quoniam
584 652 755 707 singulis
785 652 884 694 locis
915 653 1067 694 formae
1107 654 1208 694 lavit
1243 652 1393 694 vocalis
1423 652 1615 695 succedit.

95 787 110 802 τ
133 801 137 804 ,
316 745 508 787 Alterum
538 744 685 786 deinde
714 745 885 787 verbum
901 745 1083 799 fulgere,
1114 744 1222 799 quod
1251 744 1374 799 vulgo
1395 745 1579 799 sequitur
1597 744 1705 800 leges

82 803 133 870 {ff
202 814 560 869 E-coniugationis,
581 813 689 869 apud
710 813 914 856 Catullum
934 814 1115 869 aliosque
1134 814 1302 855 fluctuat
1320 813 1425 855 inter
1443 813 1548 855 hanc
1568 818 1608 855 et
1627 818 1706 855 ter-

81 871 142 929 ζ·
202 883 301 926 tiam
323 883 646 938 coniugationem
666 882 778 924 velut
798 882 941 925 docent
958 883 1101 935 LXVI,
1124 884 1197 926 94:
1229 882 1451 938 ,proximus
1473 882 1706 938 Hydrochoi

81 946 99 994 ²¹?
120 943 135 981 f
175 947 178 950 ”
203 951 378 1006 fulgeret
397 952 557 995 Oarion‘
586 956 626 993 et
646 951 745 993 ibid.
767 954 839 995 61:
871 951 955 1002 ‚sed
977 966 1051 994 nos
1072 965 1233 1006 quoque
1254 951 1536 1005 fulgeremus&
1567 952 1707 994 Potest

140 1009 142 1013 V
203 1021 283 1064 huc
302 1022 423 1064 etiam
454 1017 598 1063 referri
627 1021 799 1062 verbum
828 1023 969 1063 tuendi
987 1021 1137 1077 pariter
1164 1021 1250 1062 sine
1270 1020 1407 1062 littera
1427 1020 1560 1062 vocali
1579 1036 1600 1062 e
1620 1034 1706 1061 sae-

204 1091 298 1147 pius
319 1090 561 1133 derivatum.
614 1089 825 1131 Eiusmodi
846 1090 974 1132 forma
1004 1104 1108 1144 quae
1138 1095 1199 1132 est
1226 1096 1324 1132 tuor
1353 1090 1450 1131 olim
1479 1091 1523 1131 in
1553 1089 1707 1131 Catulli

87 1180 95 1210 ς
112 1147 114 1149 .
136 1197 140 1200 .
206 1159 383 1202 carmine
412 1158 519 1209 XXI,
552 1159 577 1199 5
599 1158 808 1213 legebatur
827 1158 946 1200 hodie
967 1159 1114 1200 rectius
1135 1159 1241 1201 inter
1259 1159 1435 1215 Priapea
1454 1157 1651 1208 LXXXV,
1680 1158 1708 1201 5

206 1227 342 1270 10011111
372 1231 547 1269 tenente.
589 1227 813 1281 Utriusque
847 1227 965 1269 verbi
999 1241 1100 1269 usus
1121 1241 1243 1282 quem
1260 1227 1380 1269 modo
1401 1227 1706 1283 explicavimus,

27 1283 90 1340 ’ᾤ’-
108 1307 129 1328 '·
208 1296 505 1350 dactylicorum
549 1295 726 1337 maxime
776 1296 988 1337 familiaris
1028 1301 1091 1338 est
1129 1296 1314 1338 Lucretio
1363 1310 1492 1350 neque
1543 1296 1707 1338 omnino

206 1362 460 1406 desideratur
496 1363 606 1420 apud
643 1364 869 1419 Vergilium
883 1397 893 1417 ‚
930 1364 1195 1407 Lucretianae
1232 1364 1419 1406 dictionis
1459 1364 1708 1407 imitatorem

207 1433 309 1475 satis
350 1434 606 1487 frequentem
645 1434 692 1475 cf.
738 1433 918 1475 Kuehnii
967 1435 1131 1484 Quaest.
1172 1434 1286 1476 Lucr.
1329 1448 1368 1489 p.
1414 1434 1469 1475 20
1515 1438 1555 1475 et
1595 1433 1705 1476 Proll

205 1516 245 1558 p.
277 1503 458 1545 30—-34,

318 1593 487 1635 Accedit
532 1595 755 1650 perfectum
795 1599 871 1636 act.
901 1594 1019 1637 verbi
1050 1608 1201 1647 ponere
1234 1594 1486 1650 temporibus
1527 1595 1706 1650 antiquis

204 1660 315 1703 haud
345 1675 433 1704 raro
465 1676 514 1703 ex
544 1663 729 1716 analogia
758 1662 1099 1716 I-coniugationis
1130 1663 1268 1704 in-ivi
1289 1663 1521 1713 formatum,
1551 1677 1631 1718 qua
1657 1663 1707 1705 de

80 1774 87 1782 ,
207 1742 253 1772 re
282 1735 450 1783 egerunt
471 1730 694 1772 Corssenus
725 1731 744 1771 Ι
764 1745 804 1786 p.
826 1731 909 1773 419
930 1744 989 1785 sq.
1011 1730 1050 1771 H
1070 1745 1110 1786 p.
1133 1730 1228 1774 583.
1251 1730 1333 1771 585
1356 1736 1396 1772 et
1415 1731 1457 1774 L.
1479 1731 1704 1774 Muellerus

126 1789 150 1799 ’
180 1838 185 1844 ,,
204 1796 255 1838 de
297 1811 342 1839 re
385 1803 500 1842 metr.
527 1814 566 1855 p.
589 1800 684 1843 401.
734 1800 868 1853 Atque
910 1799 986 1840 hac
1030 1796 1183 1840 ratione
1222 1800 1347 1841 semel
1385 1800 1567 1841 Catullus
1610 1801 1708 1842 fecit

204 1867 402 1920 deposivit
429 1867 475 1908 in
503 1867 673 1923 stropha
702 1867 827 1909 altera
857 1867 1048 1908 carminis
1077 1866 1282 1909 XXXIIII
1312 1867 1362 1909 ad
1391 1868 1531 1910 laudes
1552 1868 1707 1910 Dianae

203 1934 469 1977 celebrandas
490 1936 718 1995 compositi,
751 1937 825 1979 ubi
839 1951 877 1980 v.
896 1938 919 1977 7
942 1949 1000 1990 sq.
1021 1936 1228 1991 leguntur:
1270 1950 1407 1990 ,quam
1436 1941 1565 1979 mater
1583 1952 1708 1994 prope

209 2001 370 2045 Deliam
411 2004 416 2061 1
458 2004 664 2061 deposivit
699 2005 873 2048 olivam‘.
928 2004 994 2046 Sic
1035 2004 1190 2061 primus
1222 2005 1452 2048 emendavit
1491 2006 1705 2049 Palladius

205 2071 391 2113 codicum
439 2075 630 2126 deposuit
676 2074 920 2128 scripturam
967 2078 1097 2115 metro
1140 2078 1188 2115 ut
1234 2075 1447 2116 observare
1491 2075 1589 2117 licet
1625 2091 1706 2118 non

82 2191 90 2196 ..
206 2140 565 2185 accommodatam.
637 2141 894 2198 Quantopere
942 2146 1078 2184 autem
1119 2142 1321 2184 veteribus
1367 2142 1569 2198 placuerit
1611 2144 1706 2187 talis

87 2204 119 2274 ³2¹1·
144 2244 159 2263 3
206 2207 330 2249 huius
371 2209 538 2264 perfecti
581 2211 864 2261 conformatio,
906 2215 1116 2266 poetarum
1158 2211 1429 2253 scaenicorum
1467 2217 1508 2254 et
1536 2214 1712 2270 inscrip-.

206 2275 366 2318 tionum
402 2278 600 2333 exemplis
644 2281 867 2334 probarunt
901 2279 1050 2321 Struve
1089 2278 1114 2320 l.
1152 2293 1191 2322 11.
1228 2294 1267 2334 p.
1307 2280 1399 2322 198.
1441 2280 1520 2322 281
1562 2295 1622 2337 sq.
1667 2287 1707 2324 et

84 2377 127 2408 r
198 2341 318 2386 ,Neue
346 2344 400 2388 Π.
431 2359 469 2400 p.
501 2345 596 2387 386.

88 2418 141 2499 ζ,
319 2435 480 2478 Tertiae
511 2438 683 2492 denique
714 2439 1007 2492 coniugationis
1037 2453 1164 2480 unum
1192 2442 1360 2494 praebet
1380 2440 1561 2483 Catullus
1590 2442 1706 2484 verbi

91 2502 142 2563 {f—
175 2551 186 2563 ,
206 2501 439 2558 exemplum
481 2505 608 2559 vulgo
659 2511 825 2561 quartae
867 2506 1026 2561 legibus
1072 2506 1280 2549 subditicii
1319 2507 1440 2562 quale
1479 2513 1542 2551 est
1573 2513 1710 2563 potiri

90 2566 132 2634 2³13
173 2569 177 2574 ’
204 2569 680 2627 Ι1ΧΠΙΙ,402.,111)1>,1η
708 2581 753 2617 ut
783 2576 977 2631 innuptae
1006 2580 1209 2631 poteretur
1238 2577 1334 2619 flore
1373 2584 1595 2620 novercae‘.
1656 2578 1705 2620 In

89 2675 112 2697 ,
166 2664 167 2667 =
204 2636 275 2684 his*
316 2639 416 2681 item
453 2640 610 2683 librarii
654 2657 822 2685 manum
858 2648 1000 2700 poetae
1030 2643 1320 2699 depravarunt,
1362 2658 1453 2686 cum
1482 2646 1705 2700 regularem

172 2705 372 2762 [formam
413 2713 625 2762 potiretur
670 2712 966 2755 substituerent
1023 2726 1190 2769 prorsus
1238 2713 1427 2769 ineptam.
1517 2713 1706 2756 Ceterum

166 2812 174 2831 ,ζ
201 2774 390 2832 91118ᾶο111
420 2776 572 2819 formae
601 2784 649 2820 ut
679 2780 729 2821 de
749 2780 841 2822 aliis
860 2785 1028 2831 taceam,
1057 2780 1172 2823 locus
1193 2786 1255 2823 est
1279 2782 1387 2837 apud
1406 2782 1568 2823 Attium
1588 2783 1705 2839 Trag.

87 2855 144 2899 '225‘
108 2841 291 2934 ages-,rest
321 2845 416 2888 590.
468 2845 625 2889 Terent.
656 2847 817 2891 Phorm.
849 2851 946 2893 469.
979 2851 1074 2893 830.
1136 2850 1227 2892 Val.
1259 2849 1394 2892 Flacc.
1428 2850 1604 2903 V11,54
1632 2866 1707 2895 nec

1428 2919 1477 2955 3*
