1923 3104
915 71 970 115 37

278 194 281 197 ’
311 198 408 242 edes
426 213 467 256 p.
487 200 570 244 513
591 199 635 242 P.
665 197 841 240 eundem
860 212 1023 241 versum
1039 198 1190 242 Sereno
1210 198 1431 251 adscribat3
1462 199 1562 241 item
1577 213 1694 255 porro

263 271 385 311 erunt
413 267 507 310 Pac.
537 268 622 311 332
651 271 692 308 et
721 266 807 310 Att.
839 267 934 310 629.

306 335 592 393 Disputatione
628 335 754 389 igitur
793 334 842 376 de
884 335 1023 376 formis
1061 335 1218 390 antiqui
1259 335 1456 377 sermonis
1491 335 1544 376 ad
1573 336 1693 377 finem

189 403 382 461 perducta
409 418 489 448 non
528 403 712 445 alienum
749 402 910 445 videtur
939 403 1081 459 paucis
1112 403 1449 459 comprehendere
1487 417 1590 458 quae
1620 417 1693 459 pro

191 477 297 516 certo
327 473 445 517 nobis
466 472 666 515 -statuisse
695 471 921 513 videamur:

193 543 228 585 1.
258 542 445 587 Catullus
486 540 564 583 etsi
607 553 655 582 ea
694 540 830 582 floruit
869 544 1000 583 aetate
1044 554 1124 595 qua
1159 540 1297 597 lingua
1326 541 1470 584 Latina
1512 556 1584 598 per
1626 541 1691 584 Ci-

303 624 490 653 ceronem
531 613 572 651 et
599 609 813 651 Caesarem
856 608 907 650 ad
951 623 1154 650 summam
1183 610 1473 670 periectionem
1512 615 1573 652 est
1601 625 1689 666 pro—

302 683 430 730 vecta,
460 681 620 719 tantum
651 681 789 719 tamen
828 678 967 719 aberat
1007 681 1054 719 ut
1090 691 1230 733 presse
1261 678 1493 733 aequalium
1524 693 1692 721 suorum

302 745 636 788 consuetudinem
659 745 860 787 scribendi
880 750 1117 796 sectaretur,
1148 750 1195 787 ut
1213 745 1324 787 haud
1343 746 1487 801 paucis
1507 747 1550 787 in
1571 748 1692 789 rebus

304 828 407 870 quae
436 813 489 856 ad
517 828 643 869 genus
674 814 1029 871 orthographicum
1059 818 1098 856 et
1126 814 1340 857 flexionem
1371 815 1586 857 verborum
1605 830 1694 871 per-

301 883 452 934 tinent,
492 888 675 925 veterum
706 889 919 939 poetarum
948 897 1176 925 sermonem
1205 884 1434 926 imitaretur
1461 884 1527 926 vel
1555 885 1693 938 potius

302 956 570 995 conservaret.
1575 947 1581 953 ’

187 1023 228 1064 2.
259 1020 388 1076 Saepe
418 1025 525 1062 certe
556 1034 724 1062 numero
755 1034 834 1062 non
865 1025 949 1062 tam
978 1020 1236 1074 antiquitatis
1268 1020 1401 1062 studio
1430 1035 1551 1076 quam
1573 1022 1693 1063 metri

301 1102 422 1130 causa
449 1093 494 1130 ut
520 1088 673 1144 passim
703 1088 785 1130 iam
815 1088 1053 1130 adnotatum
1072 1103 1097 1129 a
1115 1088 1236 1130 nobis
1267 1094 1347 1139 est,
1379 1089 1526 1144 priscis
1549 1089 1692 1131 formis

0 1157 27 1224 ξ
301 1157 488 1208 indulsit,
527 1170 772 1212 quamquam
808 1157 883 1198 hoc
911 1156 1038 1198 multo
1077 1156 1244 1199 minoris
1275 1157 1311 1198 ei
1340 1158 1535 1199 momenti
1565 1157 1693 1199 fuisse

0 1240 32 1298 ξι
51 1284 87 1291 γ’
303 1240 423 1281 quam
454 1226 637 1267 Lucretio
684 1240 912 1269 censemus:
966 1226 1115 1268 etenim
1160 1226 1208 1267 de
1251 1226 1480 1270 admirabili
1526 1230 1610 1268 arte
1655 1232 1695 1268 et

0 1288 62 1340 Ἓξ
75 1326 86 1336 ,Α
119 1314 123 1317 *
302 1294 501 1350 elegantia
536 1308 615 1349 qua
644 1295 800 1350 primus
830 1294 1103 1336 Romanorum
1134 1294 1326 1336 tredecim
1357 1309 1548 1336 versuum
1572 1295 1692 1336 Grae-

0 1310 66 1423 ἓν
300 1378 437 1406 corum
489 1378 637 1419 genera
679 1363 834 1405 Latinis
862 1362 1009 1405 ’modis
1055 1362 1281 1419 adaptavit,
1331 1378 1449 1406 nemo
1492 1369 1554 1406 est
1593 1364 1693 1419 quin

300 1432 564 1487 aequabiliter
593 1432 753 1473 sentiat.

185 1502 225 1545 3.
258 1501 306 1543 In
335 1500 567 1543 renovanda
596 1500 850 1555 antiquitatis
880 1499 1076 1542 memoria
1106 1514 1152 1543 eo
1183 1499 1315 1542 differt
1335 1514 1359 1542 a
1379 1501 1561 1543 Lucretio
1584 1501 1688 1555 quod

300 1569 480 1625 priorum
513 1574 720 1625 poetarum
753 1569 927 1623 vestigia
952 1583 1034 1610 non
1054 1573 1139 1610 tam
1160 1569 1279 1610 anxie
1301 1582 1423 1623 quam
1443 1569 1508 1610 hic
1527 1570 1692 1626 pressit,

303 1638 339 1680 si
359 1638 506 1680 melica
526 1637 781 1694 potissimum
814 1638 991 1680 carmina
1021 1636 1175 1679 Catulli
1205 1637 1388 1693 respicis,
1421 1638 1615 1692 quoniam
1642 1653 1693 1680 ne

304 1707 491 1749 convenit
521 1707 683 1761 quidem
704 1707 887 1750 studiosa
906 1706 1007 1748 haec
1033 1707 1206 1748 imitatio
1229 1707 1380 1762 lyricae
1399 1708 1513 1763 poesi
1532 1712 1579 1749 ut
1598 1713 1691 1764 pote

298 1776 348 1816 ab
372 1776 517 1817 altiore
550 1775 707 1817 dicendi
738 1790 881 1830 genere
911 1776 1064 1818 alienae
1095 1780 1134 1817 et
1161 1789 1306 1817 sensus
1336 1776 1691 1834 motusquefianimi

303 1844 480 1886 sinceros
524 1845 652 1887 nobili
691 1845 878 1899 quidem,
921 1844 991 1887 sed
1026 1844 1134 1885 facili
1177 1844 1466 1899 commodaque
1510 1846 1689 1887 oratione

298 1912 528 1967 explicanti.
589 1913 830 1967 Ubicunque
866 1927 962 1954 vero
1000 1912 1052 1953 ad
1090 1912 1293 1953 doctrinae
1334 1913 1596 1954 ostentandae
1627 1927 1689 1954 ra-

297 1981 448 2024 tionem
491 1975 696 2024 delabitur
736 1982 850 2024 velut
887 1982 929 2023 in
959 1982 1012 2023 iis
1044 1982 1294 2025 carminibus
1331 1981 1481 2035 quibus
1512 1982 1690 2024 Alexan-

297 2049 507 2093 drinorum
564 2051 704 2107 poesin
756 2051 911 2093 Latinis
961 2050 1148 2093 versibus
1199 2050 1418 2104 expressit,
1469 2065 1551 2093 non
1601 2052 1687 2093 sine

297 2118 655 2174 grandiloquentia
691 2120 866 2175 quadam
904 2120 1055 2163 formas
1092 2124 1275 2162 vetustas
1316 2124 1356 2162 et
1386 2135 1435 2162 ex
1464 2124 1577 2176 parte
1608 2120 1691 2163 iam

295 2186 497 2231 obsoletas
526 2188 727 2231 adhibuit.

455 2346 508 2401 B.
555 2347 628 2402 De
663 2347 838 2403 formis
875 2348 1119 2403 sermonis
1150 2347 1404 2416 vulgaris

163 2514 165 2517 ι
299 2460 484 2504 Catullus
523 2478 614 2506 cum
644 2464 837 2519 antiquae
868 2464 1088 2521 scripturae
1119 2463 1453 2506 consuetudinem
1485 2465 1585 2507 satis
1615 2467 1688 2507 fre-

136 2568 146 2578 <
183 2529 405 2583 quentibus
435 2545 525 2573 cum
557 2533 827 2594 elocutionum
860 2538 947 2576 tum
978 2535 1199 2575 formarum
1230 2533 1426 2588 exemplis
1453 2535 1691 2589 probavisse

181 2595 433 2650 inveniatur,
482 2600 612 2643 multo
659 2605 793 2643 tamen
835 2601 1138 2657 angustioribus
1177 2601 1326 2644 finibus
1377 2602 1693 2658 circumscripsit

183 2666 383 2708 sermonis
426 2667 605 2722 vulgaris
650 2670 859 2713 licentiam
872 2704 882 2723 ,
903 2694 906 2697 ·
926 2685 1004 2726 qua
1034 2685 1055 2712 e
1086 2670 1379 2726 dactylicorum
1407 2686 1574 2713 numero
1605 2686 1691 2713 sae-

135 2740 140 2795 ᾗ
184 2733 352 2790 pissime
372 2735 605 2780 Lucretium
634 2753 754 2781 usum
776 2754 866 2783 esse
885 2729 1149 2782 manifestum
1170 2744 1232 2782 est
1252 2754 1302 2782 ex
1332 2740 1384 2782 iis
1415 2754 1516 2795 quae
1536 2740 1692 2797 passim

130 2799 234 2867 ¹„lde
262 2802 341 2848 hac
367 2818 410 2846 re
430 2804 643 2849 adnotavit
662 2808 942 2851 Lachmannus
963 2809 1004 2850 in
1031 2809 1317 2851 commentario
1337 2809 1526 2850 carminis
1547 2810 1693 2851 Lucre-
