1923 3104
910 54 968 100 42

193 181 256 220 est
287 177 339 220 ad
374 191 515 221 verum
546 183 783 236 rectumque
810 182 1097 226 inveniendum
1120 186 1322 237 carerent,
1353 184 1439 226 fieri
1459 198 1542 227 non
1561 172 1700 242 potuit

193 247 293 302 quin
324 247 433 290 alius
462 247 579 291 aliud
610 251 862 308 praeciperet
897 266 979 295 non
1019 252 1152 308 magis
1196 252 1278 296 sibi
1312 252 1548 297 inconstans
1576 256 1700 310 quani

192 316 324 372 ipsius
352 318 612 372 antiquitatis
641 333 756 363 usuS.
817 323 948 373 Quare
993 322 1125 364 multo
1167 322 1303 364 minus
1333 336 1406 364 nos
1456 323 1701 366 mirabimur
1731 318 1734 323 ⁴

194 385 379 429 videntes
409 393 565 441 quanta
595 388 763 432 licentia
793 391 895 433 olim
926 391 1084 434 librarii
1114 392 1219 434 hanc
1248 391 1453 434 scribendi
1474 391 1720 445 fluctuati0-„
1760 417 1765 424 ‹

194 468 286 496 nem
317 455 511 498 auxerint
541 456 590 499 de
622 471 697 501 suo
726 459 887 515 ingenio
917 460 1148 514 ubicunque
1186 460 1276 503 fieri
1307 460 1441 516 potuit
1468 459 1701 502 auctoribus
1755 509 1765 512 ..

194 537 319 576 quam
348 524 572 579 plurimum
601 527 836 582 largientes
898 529 966 571 Sic
993 529 1037 570 in
1058 529 1302 570 Catullianis
1332 529 1540 571 codicibus
1571 525 1703 569 multa
1762 521 1765 523 ’

196 592 554 648 deprehenduntur
583 597 784 639 vocabula
814 597 963 640 vitiose
1005 597 1094 640 sine
1129 597 1280 653 spiritu
1320 603 1485 640 exarata
1519 597 1702 651 itemque

194 661 324 704 multa
364 677 488 719 prave
529 679 621 707 cum
657 666 800 709 eodem
838 667 998 723 prolata
1037 667 1106 723 (cf.
1139 668 1244 711 Gell.
1275 668 1327 718 11,
1367 667 1414 719 3,
1446 667 1486 710 3.
1516 667 1577 722 4).
1637 664 1703 708 Ad

194 731 311 787 prius
340 745 468 787 genus
498 735 580 776 fere
610 735 710 777 haec
740 736 963 792 pertinent:
995 737 1120 780 aedus
1141 737 1414 780 arundinosus
1435 733 1702 792 amadryades

196 806 268 841 aut
298 801 597 858 endecasyllabi
620 804 741 846 edera
761 805 967 860 ederigera
988 821 1083 849 erus
1097 808 1130 862 ¹)
1161 819 1230 848 era
1259 807 1459 849 elleborus
1480 806 1572 847 olus
1593 810 1703 846 ortus

197 869 354 912 ortulus
385 870 636 914 iacinthinus
678 888 752 915 nec
782 888 863 916 non
886 875 1051 917 similia.
1112 875 1299 917 Editores
1320 874 1493 930 singulis
1512 873 1578 916 his
1597 872 1704 915 voci-

204 940 278 980 bus
308 944 434 992 recte,
466 941 500 982 si
532 942 822 997 etymologiam
865 950 905 985 et
952 958 1000 985 ex
1045 949 1160 1000 parte
1198 944 1390 985 Graecam
1432 942 1616 996 linguam
1645 955 1705 983 re·
1869 930 1923 980 {3

198 1007 335 1063 spicis,
368 1009 544 1052 litteram
574 1012 600 1051 h
630 1017 952 1067 praeposuerunt
980 1013 1029 1055 cf.
1061 1013 1184 1056 etiam
1206 1012 1350 1055 Festus
1371 1027 1409 1068 p.
1431 1010 1529 1055 423.
1569 1010 1706 1053 Poste·
1863 996 1923 1073 ff,

199 1075 322 1118 rioris
359 1078 517 1132 generis
560 1084 656 1121 suut
703 1081 851 1122 humor
898 1081 1091 1123 humidus
1144 1082 1337 1123 humerus
1380 1080 1483 1130 alia,
1533 1091 1706 1133 quorum

202 1145 414 1200 vulgarem
443 1162 514 1204 per
542 1150 568 1189 h
598 1149 856 1206 scriptionem
878 1150 992 1193 nulla
1011 1151 1278 1207 etymologiae
1297 1150 1384 1204 lege
1404 1147 1568 1191 defendi
1589 1161 1707 1204 posse

200 1214 423 1258 Corssenus
453 1217 471 1257 I
501 1231 539 1273 p.
565 1220 645 1260 107
677 1225 762 1260 not.
795 1219 925 1261 docet.
987 1222 1115 1270 Quam
1148 1220 1228 1261 late
1259 1225 1397 1261 autem
1425 1218 1466 1258 in
1498 1231 1566 1259 ore
1596 1215 1710 1269 vulgi
1869 1205 1923 1273 {j

200 1285 380 1338 patuerit
396 1286 617 1328 mendosae
638 1287 898 1343 aspirationis
920 1289 1182 1339 consuetudo,
1206 1288 1432 1330 luculenter
1443 1285 1561 1328 nobis
1579 1289 1708 1328 osten·
1866 1273 1923 1341 <fl

1868 1349 1923 1373 »a

197 1351 260 1393 dit
290 1353 474 1396 Catullus
504 1355 796 1410 epigrammate
827 1356 1073 1407 LXXXIIII,
1106 1370 1187 1411 quo
1209 1356 1376 1398 Arrium
1408 1354 1611 1409 quendam
1642 1352 1708 1394 de-

197 1422 304 1464 ridet
345 1428 392 1465 ut
427 1429 522 1479 pote
557 1425 783 1466 ohommoda
820 1440 893 1481 pro
923 1427 1133 1475 commoda,
1174 1426 1373 1466 kinsidias
1408 1435 1481 1480 pro
1522 1423 1707 1472 insidias,

196 1493 376 1533 Hionios
402 1507 478 1544 pro
510 1494 652 1534 Ionios
682 1493 797 1547 loqui
828 1494 998 1535 solitum
1030 1494 1077 1536 cf.
1111 1494 1279 1545 Quintil.
1311 1493 1343 1544 I,
1376 1492 1413 1542 5,
1447 1492 1502 1534 20
1532 1490 1605 1544 qui
1632 1489 1711 1532 hoc

201 1574 366 1602 carmen
396 1561 576 1617 respexit
606 1565 646 1604 et
674 1562 759 1603 alia
788 1576 948 1616 quoque
979 1563 1066 1604 eius
1096 1561 1219 1612 modi⁴
1238 1561 1426 1617 exempla
1454 1558 1708 1602 memoravit.
1856 1610 1858 1613 .
1894 1586 1919 1619 ρ

199 1629 416 1671 Praeterea
444 1630 555 1684 legas
587 1630 712 1672 velim
743 1630 792 1671 de
824 1631 900 1672 hac
929 1645 971 1673 re
1002 1631 1248 1673 Corssenum
1278 1630 1305 1672 l.
1329 1644 1368 1672 11.
1400 1635 1442 1671 et
1458 1627 1709 1671 Schuchard-
1817 1619 1923 1695 a}

197 1699 302 1740 tium
333 1697 383 1740 de
414 1699 635 1741 vocalismo
667 1713 787 1741 serm.
809 1700 922 1754 vulg.
946 1700 1031 1741 Lat.
1053 1700 1083 1743 Ι.
1115 1713 1205 1755 pag.
1229 1698 1283 1740 73
1305 1712 1362 1752 sq.
1855 1695 1873 1703 ”
1895 1695 1923 1758 a}

312 1768 484 1810 Accedit
522 1768 633 1823 quod
683 1769 805 1810 etiam
842 1769 886 1811 in
915 1769 1063 1811 mediis
1098 1767 1312 1811 vocabulis
1341 1766 1502 1809 litterae
1531 1766 1556 1806 b
1585 1778 1709 1807 sonus

199 1841 285 1877 tam
316 1837 451 1878 tenuis
483 1837 562 1878 fuit
591 1842 638 1879 ut
667 1837 896 1892 frequenter
924 1838 1167 1880 abiiceretur
1196 1836 1412 1892 praecipue
1447 1834 1553 1875 inter
1594 1833 1712 1875 binas
1864 1838 1923 1894 ἓξξ

202 1906 363 1948 vocales
395 1906 651 1949 concinentes
682 1920 765 1960 qua
795 1906 845 1948 de
874 1921 916 1948 re
946 1907 1052 1948 infra
1081 1920 1247 1960 agemus
1278 1902 1538 1960 explicatius,
1559 1927 1614 1933 —
1634 1901 1713 1944 Ne·

201 1988 279 2029 que
310 1988 408 2016 vero
440 1975 605 2017 silentio
637 1975 1042 2031 praetermittendum
1087 1974 1248 2016 videtur
1291 1973 1335 2013 in
1379 1970 1714 2027 inscriptionibus
1879 1976 1918 2001 «ἱ

201 2044 478 2098 posteriorum
501 2049 731 2099 temporum
761 2058 835 2099 pro
865 2046 891 2084 h
910 2044 1113 2086 interdum
1135 2045 1180 2084 ch
1201 2042 1397 2097 scriptum
1418 2044 1568 2090 extare,
1598 2038 1715 2080 cuius
1843 2033 1845 2035 ¹
1886 2094 1923 2110 κ

201 2126 299 2154 usus
331 2126 454 2154 causa
482 2112 580 2154 inde
614 2112 746 2168 repeti
776 2116 910 2166 potest
940 2112 1048 2166 quod
1078 2111 1265 2153 homines
1296 2109 1481 2150 indoctos
1513 2106 1712 2163 simplicis

201 2181 405 2237 aspiratae
436 2181 591 2224 oblivio
633 2181 851 2237 paullatim
890 2181 991 2224 adeo
1013 2185 1173 2237 ceperat
1201 2185 1249 2221 ut
1278 2178 1389 2221 mala
1418 2177 1593 2220 aliorum
1622 2189 1713 2232 pro:
1847 2159 1923 2225 ξ

201 2250 460 2293 nuntiatione
490 2251 646 2293 inducti
689 2250 733 2292 in
766 2251 899 2293 locum
929 2252 955 2291 Ιι
985 2250 1146 2292 litterae
1176 2250 1221 2290 ck
1251 2247 1549 2290 substituerent
1576 2246 1714 2300 itaque
1867 2248 1923 2308 ἐς

201 2321 329 2362 etiam
360 2321 583 2364 scriberent
617 2320 660 2362 in
699 2320 977 2363 monumentis
1009 2319 1193 2376 publicis
1229 2317 1397 2374 perinde
1427 2320 1549 2371 atque
1578 2315 1622 2356 in
1651 2328 1714 2356 co-
1835 2330 1923 2366 4

203 2390 367 2433 dicibus
405 2390 455 2431 cf.
490 2390 717 2441 Corssenus
746 2390 765 2431 I
794 2404 834 2445 p.
870 2390 963 2432 112.
1024 2389 1089 2430 Ita
1123 2388 1257 2430 scriba
1298 2387 1395 2428 libri
1428 2383 1714 2426 Germanensis
1845 2378 1923 2443 ..ᾗ

203 2473 277 2515 pro
307 2461 410 2502 mihi
438 2464 479 2502 et
507 2459 611 2501 nihil
639 2458 968 2507 constantissime
998 2459 1121 2500 michi
1147 2462 1189 2500 et
1217 2457 1341 2498 nichil
1369 2454 1565 2498 exaravit.
1820 2499 1823 2506 Ι
1856 2443 1923 2514 31

317 2529 356 2570 8.
399 2528 592 2583 Sequitur
628 2542 735 2569 nunc
778 2532 873 2583 apte
910 2527 1137 2583 disputatio
1175 2526 1225 2567 de
1266 2525 1427 2566 litterae
1455 2538 1482 2564 n
1519 2523 1715 2565 eiectione
1839 2513 1923 2593 »Ξ

203 2598 321 2640 cuius
354 2602 396 2640 et
424 2598 467 2640 in
500 2597 690 2641 omnibus
720 2598 937 2640 verborum
970 2596 1153 2652 partibus
1195 2595 1307 2638 locus
1349 2597 1414 2636 est
1451 2597 1490 2636 et
1525 2600 1571 2634 ut
1599 2589 1718 2633 nulla
1824 2585 1923 2684 ἐξ

298 2761 332 2803 1)
357 2763 572 2806 Quamquam
602 2762 641 2795 in
671 2762 735 2796 hoc
765 2760 905 2795 nomine
936 2759 1139 2794 contrariam
1171 2757 1346 2791 scribendi
1376 2756 1541 2790 rationem
1578 2756 1717 2788 secutus

204 2825 257 2858 est
281 2821 426 2858 Ritschl.
451 2820 555 2856 Proll.
580 2817 679 2854 Trin.
705 2828 738 2862 p.
755 2816 900 2853 XCVIII
923 2816 1089 2861 probante
1113 2814 1334 2850 Fleckeiseno
1360 2823 1412 2857 ep.
1436 2812 1510 2848 crit.
1536 2822 1568 2856 p.
1588 2810 1641 2846 10.
