1923 3104
0 2779 49 2787 ,,,,,

244 162 456 241 1111‚'262.
474 188 764 246 pinguistxn,
789 187 829 230 3.
860 186 1047 230 lactentis
1068 187 1234 242 ann,
1259 189 1477 233 sesamis
1494 189 1594 233 ibid.
1618 189 1672 232 87

64 238 80 255 '³
160 238 424 302 τὲω18170.
474 258 592 302 conis
628 256 724 298 233.
774 255 921 310 iugalis
958 258 1057 300 302.
1106 257 1264 299 ovantis
1300 257 1394 301 391.
1444 258 1540 300 talis
1575 260 1672 302 407.

173 327 307 373 duleis
336 327 458 381 LXV,
488 327 528 370 3.
572 325 665 368 finis
694 325 837 378 LXVI,
873 328 936 370 12.
976 325 1164 368 caelestis
1195 326 1417 378 LXVIIIb‚
1451 328 1516 371 76.
1556 341 1675 384 pene-

161 388 291 444 'tralis
320 396 422 440 ibid.
456 396 550 439 102.
587 394 743 436 accedit
771 395 950 437 vocativi
979 401 1108 437 forma
1136 395 1319 448 aequalis
1349 395 1475 439 LXII.
1509 398 1574 439 11.
1605 396 1674 438 32.

94 464 96 466 ’
173 464 280 508 Hinc
308 463 579 508 convertimus
607 476 681 505 nos
711 462 763 504 ad

289 537 329 578 9.
361 548 409 576 ea
437 531 603 574 nomina
642 536 682 574 et
716 532 974 575 substantiva
1011 538 1053 575 et
1087 532 1290 574 adiectiva
1327 547 1429 587 quae
1468 533 1675 589 duplicem

175 602 359 646 flexionis
387 600 554 643 modum
584 604 820 656 sequuntur.

344 733 383 759 α.
415 716 747 758 substantiva
774 717 1081 758 heteroclita
1110 722 1150 759 et
1178 717 1502 760 abundantia.

288 807 375 856 Quo
404 807 446 848 in
478 821 623 861 genere
651 807 875 849 notandum
906 814 967 850 est
995 808 1246 862 quorundam
1269 809 1558 851 vocabulorum
1579 810 1673 851 ssuc-

178 875 404 918 tuationem
446 875 551 917 inter
593 875 775 918 diversas
817 876 1043 918 declinandi
1085 877 1260 919 rationes
1302 877 1396 918 licet
1435 891 1456 918 e
1492 891 1674 919 sermone

172 944 316 986 Latino
360 957 570 998 nunquam
613 943 735 1000 plane
776 945 998 997 evanuerit,
1043 946 1153 1001 apud
1182 956 1321 1001 poetas
1351 951 1487 987 tamen
1516 946 1673 1002 priores

173 1011 302 1054 multo
333 1011 457 1054 latius
478 1012 659 1068 patuisse
680 1026 802 1066 quam
823 1013 932 1069 apud
952 1014 1204 1069 posteriores.
1261 1013 1404 1068 Neque
1434 1014 1478 1055 id
1506 1015 1673 1056 mirum:

178 1094 274 1123 nam
306 1095 386 1136 quo
416 1081 592 1137 primum
622 1086 803 1137 tempore
832 1082 972 1138 populi
1010 1082 1219 1123 cuiusdam
1250 1082 1409 1124 litterae
1438 1087 1674 1135 nascuntur,

173 1149 260 1191 fieri
291 1163 388 1192 sane
417 1150 558 1204 nequit
578 1150 678 1204 quin
698 1164 846 1204 magna
867 1152 1084 1193 verborum
1105 1151 1407 1204 formarumque
1428 1150 1543 1206 copia
1562 1165 1673 1206 prae-

175 1224 239 1260 sto
270 1218 326 1261 sit
354 1219 533 1261 nondum
563 1219 826 1261 coercitarum
868 1219 989 1260 certis
1028 1219 1288 1273 elegantioris
1327 1219 1475 1260 aetatis
1502 1218 1672 1273 legibus.

171 1287 225 1329 Et
254 1287 363 1329 cadit
392 1287 468 1328 hoc
498 1287 663 1341 quidem
693 1287 911 1342 praecipue
940 1287 984 1327 in
1004 1287 1308 1328 terminationes
1329 1288 1674 1330 substantivorum

171 1360 213 1396 et
253 1354 551 1397 adiectivorum
592 1355 738 1410 priscis
783 1355 1019 1396 Latinorum
1063 1356 1315 1410 temporibus
1364 1356 1463 1397 satis
1505 1356 1675 1398 licenter

170 1427 376 1474 tractatas,
421 1423 465 1465 id
510 1424 618 1477 quod
655 1438 704 1465 ex
742 1428 855 1480 parte
894 1424 1038 1465 docent
1076 1424 1266 1480 exempla
1295 1437 1397 1477 quae
1427 1424 1676 1478 collegerunt

170 1492 296 1535 Proll.
328 1493 354 1535 l.
376 1507 417 1534 n.
449 1507 487 1548 p.
513 1491 676 1535 18—21
710 1498 750 1534 et
779 1492 890 1534 Neue
919 1493 950 1533 I.
982 1506 1017 1548 p.
1044 1492 1126 1534 362
1149 1506 1205 1547 sq.
1246 1493 1404 1534 Verum
1430 1493 1534 1534 hanc
1556 1492 1675 1535 licen·

170 1561 269 1603 tiam
312 1565 432 1615 atque
477 1561 789 1603 inconstantiam
819 1560 993 1603 Romani
1037 1575 1083 1602 ea
1128 1561 1390 1616 potissimum
1429 1558 1561 1603 aetate
1592 1575 1674 1616 qua

78 1643 82 1646 ·
133 1670 140 1676 ,
171 1629 353 1683 linguam
382 1643 499 1672 suam
525 1629 577 1671 ad
599 1629 816 1672 concinnas
838 1630 1082 1671 Graecorum
1103 1629 1209 1683 leges
1230 1629 1480 1680 excolebant,
1511 1643 1670 1671 summo

170 1711 290 1753 opere
320 1697 565 1740 studuerunt
592 1711 809 1749 removere,
839 1697 897 1739 ita
924 1702 1060 1739 tamen
1090 1702 1135 1738 ut
1165 1711 1293 1752 pauca
1315 1698 1535 1739 retinerent
1555 1712 1669 1739 voca-

170 1765 268 1809 bula
296 1779 398 1823 quae
427 1772 474 1809 ut
502 1766 614 1808 varia
643 1766 801 1808 ratione
831 1766 1128 1808 inflecterentur
1163 1765 1271 1807 vitae
1301 1765 1547 1808 consuetudo
1577 1780 1669 1808 san-

169 1839 309 1878 xerat-
331 1835 473 1889 Itaque
495 1836 617 1876 etiam
634 1835 833 1886 Catullus,
863 1840 982 1891 poeta
1003 1834 1245 1876 urbanitatis
1267 1835 1417 1889 ubique
1446 1835 1669 1885 studiosus,

170 1904 253 1946 fere
281 1903 386 1947 nihil
409 1919 459 1946 ex
481 1918 527 1946 00
549 1918 693 1958 genere
710 1904 834 1947 habet
848 1905 954 1958 quod
967 1902 1172 1945 communi
1202 1902 1451 1959 scriptorum
1483 1917 1558 1945 usu
1587 1917 1671 1945 non

169 1975 452 2029 comprobetur
481 1971 659 2029 exceptis
691 1972 854 2027 quidem
887 1986 967 2014 non
1004 1971 1127 2013 nullis
1157 1972 1299 2021 rebus,
1331 1972 1376 2012 in
1406 1972 1555 2025 quibus
1587 1972 1671 2013 sin-

168 2041 349 2097 gularem
391 2042 595 2097 quandam
635 2042 832 2084 rationem
867 2045 1030 2083 secutus
1070 2053 1158 2081 esse
1207 2039 1418 2095 reperitur.
1488 2039 1673 2082 Pertinet

169 2115 302 2152 autem
332 2110 411 2152 huc
435 2111 614 2165 primum
641 2110 808 2164 quidem
838 2108 947 2164 quod
976 2122 1069 2150 cum
1099 2108 1229 2149 dicere
1258 2112 1418 2149 acinum
1440 2108 1506 2150 vel
1528 2113 1673 2150 acinus

169 2183 306 2235 posset
320 2178 436 2234 longe
451 2179 581 2235 poetis
597 2178 922 2228 usitatissimum,
953 2176 1062 2219 solus
1084 2181 1129 2227 ut
1150 2176 1312 2218 videtur
1334 2176 1481 2219 maluit
1501 2176 1671 2219 eandem

170 2261 307 2291 vocem
336 2248 493 2304 primae
523 2247 780 2291 declinationi
808 2246 986 2290 tribuere
1005 2245 1177 2297 XXVII,
1200 2248 1226 2288 4
1255 2245 1312 2287 ita
1352 2246 1524 2289 ‘ebriosa
1553 2245 1671 2288 acina
1706 2241 1709 2243 ’

169 2316 428 2359 ebriosioris‘.
499 2316 705 2358 Catullum
750 2330 888 2358 revera
930 2315 1006 2357 hoc
1047 2315 1167 2357 modo
1209 2315 1420 2371 scripsisse
1457 2316 1592 2357 minus
1624 2329 1671 2356 ex

167 2384 298 2441 ipsius
328 2385 536 2428 codicibus
566 2398 689 2439 quam
709 2400 759 2427 ex
781 2383 982 2426 Gellianis
1003 2383 1257 2439 perspicitur,
1287 2383 1371 2426 nisi
1401 2384 1501 2425 forte
1532 2398 1556 2426 a
1579 2383 1671 2425 Col-

170 2454 324 2496 bertino
355 2460 397 2495 et
424 2454 668 2496 Santeniano
698 2453 914 2496 recesseris
945 2466 1116 2506 quorum
1147 2452 1312 2494 traditio
1344 2457 1479 2494 aoinae
1508 2452 1671 2507 propius

169 2520 223 2562 ad
261 2521 473 2565 veritatem
510 2522 674 2565 accedit.
734 2521 815 2563 Sed
853 2520 1119 2563 certissimam
1158 2520 1254 2561 huic
1294 2520 1384 2563 loco
1423 2521 1669 2563 medicinam

103 2648 107 2652 ⁴
169 2589 342 2632 afferunt
370 2590 470 2632 libri
500 2605 601 2645 quos
638 2590 819 2633 dixim'us
851 2589 985 2640 Gellii,
1017 2588 1088 2642 qui
1118 2588 1167 2632 N.
1190 2589 1240 2631 A.
1263 2589 1333 2640 VI,
1367 2590 1433 2641 20,
1465 2591 1490 2631 6
1512 2590 1562 2633 H.
1594 2589 1673 2645 pri-

169 2672 258 2702 mos
289 2658 481 2701 carminis
511 2660 642 2703 nostri
673 2673 818 2702 versus
849 2662 1021 2714 quatuor
1050 2657 1189 2700 citavit
1213 2663 1253 2700 et
1282 2658 1331 2699 de
1361 2673 1403 2700 re
1432 2659 1521 2715 ipsa
1549 2672 1672 2713 quam

126 2776 129 2779 .
169 2727 345 2783 aggressi
384 2742 525 2771 sumus
561 2729 727 2772 uberius
766 2729 857 2783 egit.
917 2728 1100 2784 Apparet
1146 2732 1283 2770 autem
1325 2728 1445 2769 simul
1491 2741 1540 2768 ex
1583 2727 1672 2770 eius

169 2795 305 2840 verbis
335 2797 514 2853 speciose
539 2797 763 2840 emendatis
793 2799 844 2841 ab
867 2797 1046 2853 Hauptio
1067 2796 1151 2839 ind.
1174 2797 1265 2840 lect.
1287 2796 1417 2839 Berol.
1438 2801 1536 2841 aest.
1563 2797 1670 2840 1857
