1923 3104
901 78 959 122 58

272 202 377 244 Item
387 215 510 258 porro
521 202 659 245 littera
679 204 890 245 coemitur
905 204 949 245 in
964 203 1173 247 adverbiis
1189 204 1512 260 disyllabisbene
1524 210 1566 249 et
1578 205 1680 249 male
1739 211 1742 214 '

171 270 255 312 iam
281 270 509 325 antiquitus
539 275 727 328 correpta
743 285 818 314 nec
843 271 1016 314 descivit
1034 286 1059 314 a
1078 273 1287 315 communi
1316 285 1460 316 norma
1478 274 1676 318 Camillus.
1822 290 1828 298 ’

171 339 302 381 Probe
330 343 470 382 autem
499 340 608 394 quod
627 340 694 382 his
724 340 846 395 vulgo
867 340 1111 396 adiungitur,
1144 356 1235 385 cum
1266 342 1382 385 brevi
1410 341 1558 385 ultima
1577 342 1681 386 dixit

170 407 342 450 Plautus
368 406 478 450 Pers.
511 410 551 459 2,
581 412 614 460 l,
647 411 700 453 16
723 417 764 451 et
782 411 823 462 4,
844 411 884 460 4,
906 410 961 453 98
985 409 1035 451 de
1067 410 1306 453 coniectura
1333 410 1566 463 Ritschelii,
1596 412 1679 454 nisi

170 476 345 518 iambice
375 476 555 531 positum
585 478 742 519 Catullo
771 479 994 532 ceterisque
1023 479 1133 533 quod
1162 479 1289 521 sciam
1317 479 1446 535 poetis
1468 479 1677 534 dactylicis

170 558 380 599 nunquam
396 546 592 600 probatur
612 546 663 587 cs.
686 546 771 589 Cat.
796 546 930 598 XXII,
955 549 991 588 1.
1023 546 1168 588 Moneo
1189 547 1265 588 hoc
1285 552 1423 590 contra
1443 547 1679 590 Kuehnium

171 613 241 666 qui
269 613 312 654 in
339 613 501 662 Quaest.
523 614 643 657 Lucr.
666 630 704 669 p.
727 617 780 658 37
819 616 940 656 istius
980 615 1165 657 adverbii
1184 617 1475 671 correptionem
1490 617 1679 658 omnibus
1855 663 1859 668 ⁴

170 681 397 735 aequaliter
440 682 687 725 familiarem
717 684 845 725 fuisse
878 683 1037 726 videtur
1072 683 1318 726 existimare.
1370 685 1504 739 Atque
1533 684 1575 726 in
1604 685 1681 727 hoc
1833 691 1923 734 ‘g

170 763 315 804 genere
359 750 535 792 multum
570 756 689 807 poeta
731 751 863 794 differt
902 766 926 793 a
955 751 1142 793 Lucretio
1185 752 1254 806 qui
1295 752 1360 794 vel
1396 753 1437 794 in
1475 752 1678 794 adverbiis

170 818 399 873 trisyllabis
422 826 647 861 extremam
668 821 871 875 syllabam
892 821 1078 875 pluribus
1100 820 1201 862 locis
1223 822 1462 876 corripuisse
1475 822 1681 864 iuvenitur

172 887 221 928 cf.
244 887 406 931 Kuehn.
430 889 456 930 l.
481 904 514 932 c.
575 889 681 932 Nam
711 890 754 932 in
785 904 884 932 voce
915 895 1055 931 temere
1085 903 1207 944 quam
1238 895 1376 946 aperte
1409 890 1596 934 breviant
1614 905 1680 934 ve-

172 960 276 997 teres
306 962 463 1011 poetae,
494 963 632 1000 utrum
654 959 844 1013 dactylici
866 958 1036 1000 eandem
1056 972 1291 1000 mensuram
1319 959 1445 1000 secuti
1466 960 1552 1001 sint
1570 964 1681 1002 certo

173 1023 332 1066 definiri
362 1039 443 1068 non
474 1031 620 1082 potest,
652 1027 686 1069 si
708 1027 872 1081 quidem
895 1027 1080 1070 Catullus
1101 1041 1192 1069 cum
1212 1026 1382 1081 reliquis
1403 1041 1562 1084 semper
1582 1027 1681 1071 eliso

173 1093 300 1134 utitur
329 1094 404 1135 hoc
434 1095 643 1137 adverbio.

285 1161 483 1217 Sequitur
524 1170 571 1206 ut
615 1165 665 1206 de
696 1170 713 1206 i
748 1165 1032 1207 terminatione
1073 1179 1177 1219 quae
1225 1165 1515 1206 memoratione
1559 1164 1682 1219 digna

170 1235 266 1271 sunt
296 1231 472 1274 breviter
501 1247 762 1288 exponamus.
823 1234 884 1275 Ac
914 1234 1093 1289 primum
1125 1233 1292 1286 quidem
1321 1248 1399 1275 usu
1429 1234 1683 1287 frequentata

169 1299 243 1340 illa
285 1303 372 1342 m'si
404 1305 532 1356 quasi
566 1303 668 1343 mihi
701 1303 779 1343 tibi
820 1303 904 1343 sibi
938 1303 1001 1343 ibi
1033 1302 1111 1343 ubi
1157 1301 1257 1343 olim
1304 1301 1500 1357 producta
1536 1300 1682 1343 ultima

170 1367 348 1410 valuisse
377 1370 596 1411 manifesta
628 1371 776 1413 veteris
805 1385 876 1426 per
906 1375 946 1412 ei
973 1371 1197 1426 scripturae
1219 1370 1455 1412 testimonia
1475 1370 1520 1412 in
1540 1383 1681 1413 monu-

169 1438 321 1480 mentis
351 1438 531 1494 publicis
563 1439 771 1481 declarant
801 1440 848 1483 cf.
886 1439 1072 1482 Corssen.
1094 1439 1113 1480 I
1134 1454 1173 1495 p.
1197 1438 1291 1483 778.
1323 1440 1407 1482 782
1437 1452 1496 1493 sq.
1517 1438 1679 1480 Lachm.

168 1506 221 1548 ad
251 1507 368 1549 Lucr.
399 1523 440 1564 p.
471 1509 538 1551 91.
570 1508 743 1552 Ritschl.
775 1508 895 1551 Proll.
926 1509 1040 1551 Trin.
1072 1523 1109 1564 p.
1142 1508 1316 1550 CLXIX.
1382 1507 1442 1549 Ex
1477 1507 1543 1549 his
1582 1507 1682 1549 duas

169 1575 336 1619 voculas
365 1577 522 1632 priores
552 1577 632 1619 iam
663 1582 758 1619 ante
779 1577 985 1619 Catullum
1016 1582 1155 1632 poetae
1183 1578 1335 1631 ubique
1356 1577 1546 1619 dixerunt
1565 1577 1680 1619 finali

169 1649 355 1701 correpta
395 1659 567 1700 eamque
610 1646 812 1688 rationem
860 1660 1001 1688 omnes
1046 1646 1237 1702 deinceps
1283 1645 1445 1687 classici
1489 1659 1680 1688 versuum

168 1714 346 1756 artifices
377 1715 636 1758 retinuerunt
659 1716 721 1765 (cf.
744 1717 967 1758 Corssenus
988 1715 1028 1756 II
1050 1730 1089 1770 p.
1111 1716 1230 1770 477).
1271 1718 1434 1757 Ceteras
1455 1729 1551 1757 vero
1577 1728 1681 1769 quas

168 1782 287 1826 modo
318 1783 563 1839 protulimus
593 1797 754 1840 semper
784 1798 876 1826 cum
906 1784 978 1826 alii
1007 1788 1098 1825 tum
1119 1783 1306 1826 Catullus
1332 1784 1524 1838 ambigua
1542 1783 1682 1840 posuit

168 1852 415 1906 quantitate,
463 1852 535 1893 sed
579 1853 636 1894 ita
672 1857 720 1895 ut
750 1854 938 1908 quotiens
969 1852 1169 1906 syllabam
1198 1857 1413 1894 exeuntem
1443 1853 1682 1908 produceret

167 1920 320 1963 totiens
349 1921 479 1964 ictum
500 1935 642 1964 versus
664 1921 869 1966 adiiceret.
920 1921 1176 1975 Quamquam
1197 1921 1411 1964 intercedit
1431 1920 1679 1964 discriminis
1919 1972 1922 1975 ¹

167 1990 424 2044 aliquantum
470 1991 575 2032 inter
618 1992 787 2045 ubique
828 1996 868 2032 et
911 1988 1081 2046 ubZ‘que
1119 1990 1412 2044 significatione
1450 1991 1605 2046 pariter
1634 2004 1682 2032 ac
1822 1988 1923 2049 ,551ξ

168 2058 358 2114 prosodia
386 2059 493 2101 inter
522 2072 566 2100 se
597 2059 777 2101 diversa:
810 2059 921 2101 illi-us
951 2059 1060 2101 enim
1087 2058 1277 2102 vocabuli
1304 2058 1557 2114 paenultima
1587 2072 1678 2101 cum
1824 2054 1827 2056 5
1913 2067 1915 2069 ’

168 2141 329 2183 semper
364 2127 485 2182 longa
520 2127 594 2179 sit,
633 2128 678 2169 in
714 2127 789 2169 hoc
832 2131 972 2183 utpote
1012 2141 1062 2168 ex
1092 2128 1169 2169 ubi
1195 2131 1237 2169 et
1265 2126 1463 2183 particula
1491 2127 1681 2169 enclitica

168 2210 249 2251 que
278 2196 502 2252 composito
532 2210 614 2238 non
642 2196 726 2238 nisi
755 2201 941 2251 correpta
970 2200 989 2237 i
1016 2195 1169 2238 vocalis
1198 2200 1380 2252 apparet,
1410 2195 1524 2238 velut
1552 2196 1679 2238 semel
1778 2242 1780 2244 ,
1854 2195 1923 2268 “Q-33

167 2266 243 2308 hoc
270 2264 391 2307 modo
423 2264 608 2306 Catullus
638 2265 805 2320 scripsit
834 2264 878 2306 in
906 2264 1125 2319 galliambo
1145 2264 1289 2317 LXIII,
1321 2266 1396 2307 46:
1429 2264 1679 2319 ‚liquidaque
1922 2268 1923 2271 ’

167 2338 304 2375 mente
335 2333 442 2375 vidit
471 2334 559 2375 sine
590 2334 707 2387 queis
737 2333 892 2387 ubique
922 2334 1048 2375 foret‘.
1070 2359 1127 2364 -
1147 2334 1195 2374 In
1215 2333 1373 2375 Latinis
1402 2333 1524 2386 igitur
1550 2333 1679 2375 nomi-

169 2402 292 2445 nibus
322 2402 396 2457 qui
424 2401 530 2444 nihil
561 2406 701 2444 contra
729 2401 904 2444 aliorum
935 2401 1269 2444 consuetudinem
1290 2401 1424 2443 dicere
1438 2402 1574 2443 'ausus
1603 2405 1677 2453 est,
1876 2394 1923 2461 {5³5

167 2471 277 2513 idem
298 2471 343 2512 in
365 2471 526 2513 Graecis
549 2471 762 2514 vocabulis
787 2470 935 2513 tertiae
957 2470 1221 2514 declinationi
1240 2470 1404 2513 tributis
1428 2470 1679 2524 singularem
1849 2491 1923 2535 ³3⁶

168 2539 373 2594 quandam
411 2540 609 2583 rationem
648 2540 765 2594 sequi
803 2539 955 2589 voluit,
994 2554 1082 2581 cum
1120 2539 1282 2582 dativos
1323 2553 1463 2581 eorum
1494 2553 1581 2582 raro
1611 2527 1707 2581 ads
1794 2531 1805 2582 s
1838 2548 1923 2610 ὦ

168 2609 335 2650 modum
377 2610 421 2649 in
462 2609 575 2665 poesi
621 2609 766 2650 Latina
805 2608 1005 2649 admissos
1036 2609 1146 2648 binis
1191 2609 1263 2650 ubi
1305 2608 1526 2663 assumpsit
1565 2608 1679 2660 locis,

170 2678 410 2720 Graecanice
449 2692 530 2720 non
572 2678 706 2719 solum
734 2678 911 2719 flecteret
942 2676 1013 2719 sed
1043 2677 1168 2719 etiam
1199 2677 1425 2732 corriperet.
1485 2675 1682 2732 Exempla

168 2747 280 2789 enim
308 2747 536 2789 consideres
556 2746 679 2788 velim
704 2747 821 2788 haec:
866 2748 1048 2787 Minoidi
1069 2746 1233 2797 LXHIl,
1264 2747 1368 2789 247:
1402 2750 1545 2797 ,morte
1566 2745 1680 2787 ferox
1858 2764 1905 2806 >f

169 2815 354 2857 Theseus
396 2818 557 2870 qualem
602 2815 773 2856 Minoidi
818 2816 985 2856 luctum‘
1032 2820 1072 2855 et
1118 2816 1259 2867 Tethyi
1293 2813 1434 2865 LXVI,
1467 2815 1542 2856 70:
1594 2813 1680 2864 ,lux
1755 2826 1771 2834 ”
1838 2843 1873 2859 ,ο
1888 2810 1919 2879 ἦ*
