1923 3104
169 0 306 22 garwa-'2¹⁷1
319 0 322 3 “

920 93 948 136 5

182 225 405 276 temperare
435 220 555 263 nobis
587 219 808 276 poterimus
839 232 916 273 quo
948 219 1086 260 minus
1117 219 1317 259 Catullum
1348 220 1428 259 fere
1460 219 1600 260 eodem
1632 224 1688 260 at-

183 302 262 343 que
292 293 432 345 poetas
464 290 612 344 lyricos
643 288 813 329 Graecos
843 287 928 329 loco
960 288 1195 330 habeamus.

297 357 448 399 Verum
481 357 589 398 enim
620 370 712 398 vero
744 370 824 411 qua
854 356 981 397 animi
1014 356 1255 412 impotentia
1284 361 1324 397 et
1344 357 1459 410 quasi
1482 357 1689 397 ferocitate

182 427 222 467 in
254 426 462 468 amoribus
492 425 572 467 fuit
601 429 720 481 poeta
746 425 1006 476 Veronensis,
1038 425 1179 466 eadem
1211 440 1253 466 se
1287 425 1419 480 abripi
1450 439 1595 480 passus
1628 430 1690 467 est

183 510 274 536 cum
307 500 376 537 aut
406 494 556 535 amicos
588 498 629 535 et
659 493 816 549 puellas
846 493 1029 535 infideles
1061 491 1271 547 castigavit
1300 499 1369 535 aut
1399 493 1687 546 gubernatores

182 564 425 620 reipublicae
467 563 539 616 qui
579 577 628 603 ne
665 566 820 604 statum
850 562 1003 604 liberae
1034 562 1212 604 civitatis
1244 567 1448 603 mutarent
1476 561 1517 602 in
1548 562 1688 604 iustis-

182 633 329 675 simam
351 632 625 687 suspicionem
648 637 854 682 venerant‚
887 633 1112 674 iamborum
1136 632 1230 672 telis
1251 631 1410 686 petivit.
1477 631 1557 672 Nec
1590 646 1686 672 vero

181 715 324 742 causas
371 700 468 742 illas
508 700 655 754 quibus
694 705 829 742 motus
868 701 1053 742 Catullus
1091 701 1206 741 lusus
1244 700 1457 741 amatorios
1498 700 1690 755 pristinos

182 769 317 811 subit-o
349 768 590 824 aspernatus
621 784 664 810 se
695 769 745 809 ad
775 783 926 811 novum
956 769 1156 823 quoddam
1190 769 1415 810 carminum
1443 782 1568 821 genus
1600 783 1691 809 0011-

182 838 334 888 tulerit,
370 837 538 878 difficile
570 837 813 893 explicabis,
859 837 893 878 si
927 837 979 879 ad
1018 838 1172 879 dolores
1204 842 1244 879 et
1273 826 1509 879 acerbitates
1539 837 1691 891 gravis-

181 906 306 948 simas
353 919 453 960 quas
500 920 549 947 ex
586 906 756 948 Lesbiae
801 906 1061 961 potissimum
1103 906 1252 948 amoris
1284 905 1572 962 consuetudine
1603 919 1690 960 per-

181 979 344 1030 ceperat
375 975 558 1016 animum
590 975 822 1019 attenderis,
883 975 1020 1029 Atque
1051 975 1126 1016 hac
1155 975 1367 1028 iniquitate
1397 976 1580 1015 fortunae
1612 988 1692 1028 qua

181 1057 320 1085 omnes
364 1057 464 1097 quas
514 1049 751 1100 conceperat
796 1057 889 1100 spes
931 1044 1040 1085 vitae
1078 1045 1217 1086 beatae
1256 1043 1389 1083 irritas
1427 1048 1466 1083 et
1503 1042 1689 1083 homines

182 1117 319 1154 sancta
348 1112 425 1154 fide
456 1127 621 1168 prorsus
662 1113 877 1154 destitutos
918 1126 1008 1154 esse
1041 1112 1235 1163 vidisset,
1269 1112 1391 1154 nimis
1425 1113 1688 1154 exacerbatus

183 1181 386 1235 simulque
416 1181 620 1236 impulsus
650 1181 813 1223 videtur
841 1182 967 1223 fuisse
1004 1186 1049 1222 ut
1079 1181 1177 1222 vitia
1215 1181 1425 1221 hominum
1461 1186 1499 1222 et
1530 1195 1688 1235 perver-

181 1250 322 1291 sitates
359 1250 541 1291 studiose
581 1250 792 1304 indagaret
828 1256 868 1292 et
900 1264 1038 1292 severe
1078 1250 1379 1305 perstringeret.
1441 1252 1527 1299 Qua
1566 1249 1609 1290 in
1649 1264 1690 1290 re

181 1331 304 1372 quam
344 1318 511 1359 famosis
553 1319 801 1361 carminibus
840 1319 1012 1372 eosqui
1051 1318 1297 1373 reipublicae
1335 1322 1431 1359 tunc
1467 1323 1690 1372 praeerant,

179 1387 220 1428 in
252 1386 398 1441 primis
422 1387 635 1427 Caesarem
658 1387 825 1441 eiusque
848 1387 1029 1429 sodalem
1050 1387 1297 1428 Mamurram
1326 1386 1569 1440 flagitiosum
1602 1401 1690 1441 per-

181 1459 342 1496 secutns
374 1454 428 1496 sit
471 1469 561 1495 011111
602 1455 777 1497 aliorum
808 1456 1050 1512 scriptorum
1084 1457 1154 1510 (ef.
1187 1455 1351 1497 Tacitus
1381 1469 1472 1495 ann.
1498 1454 1602 1505 1111„
1635 1454 1689 1495 34

180 1528 219 1566 et
249 1523 468 1565 Suetonius
498 1524 583 1565 vita
614 1524 726 1567 Caes.
760 1525 833 1580 73)
865 1530 953 1567 tum
989 1526 1119 1581 ipsius
1150 1530 1291 1581 poetae
1314 1523 1557 1565 testimoniis
1589 1523 1689 1564 satis

181 1597 348 1634 constat.
393 1591 495 1633 Odia
517 1596 651 1634 tamen
683 1593 755 1634 illa
783 1594 1046 1635 acerbissima
1076 1595 1222 1648 quibus
1260 1593 1471 1634 Caesarem
1507 1592 1690 1633 Catullus

180 1661 344 1702 vexavit
384 1675 466 1702 non
505 1661 561 1701 ita
598 1666 645 1702 ut
675 1662 884 1704 Schwabio
917 1662 943 1703 l.
967 1678 998 1705 c.
1030 1677 1117 1718 pag.
1144 1663 1221 1705 185
1253 1661 1417 1703 videtur
1449 1660 1687 1716 explicanda

181 1743 282 1780 esse,
331 1734 376 1770 ut
420 1733 582 1784 poetam
620 1730 767 1771 Lesbia
808 1731 852 1771 in
888 1735 1129 1786 perpetuum
1167 1730 1359 1771 derelicta
1396 1735 1435 1770 et
1474 1729 1687 1771 hominum

179 1797 330 1838 fiducia
375 1797 487 1839 omni
531 1798 689 1840 abiecta
725 1799 888 1840 Caesari
933 1799 1050 1840 enixe
1096 1814 1139 1840 se
1182 1799 1419 1854 opposuisse
1457 1797 1687 1853 suspiceris,

184 1865 435 1908 Ribbeekius
466 1866 510 1906 in
541 1866 645 1908 libro
669 1867 717 1908 de
739 1867 896 1909 Catullo
918 1868 1062 1909 Kielae
1087 1868 1194 1909 1863
1217 1882 1256 1923 p.
1271 1869 1326 1910 59
1358 1872 1440 1908 not.
1464 1868 1517 1909 34
1536 1867 1688 1922 optime

180 1933 329 1977 docuit.
403 1935 547 1988 Itaque
585 1950 667 1977 non
713 1936 940 1978 errabimus
982 1936 1211 1978 iudicantes
1258 1950 1380 1990 quem
1424 1936 1475 1976 ad
1521 1935 1687 1976 modum

179 1992 331 2044 ceteros
362 2003 448 2043 eius
479 2001 622 2044 aetatis
655 2009 794 2058 poetas
825 2020 858 2048 e.
881 2020 917 2059 g.
939 2005 1108 2045 Furium
1139 2004 1382 2045 Bibaculum
1413 2009 1452 2044 et
1481 2003 1684 2044 Licinium

180 2070 352 2112 Calvum
383 2071 442 2113 ita
472 2072 598 2113 etiam
629 2072 836 2114 Catullum
868 2087 939 2129 per
969 2077 1098 2114 totum
1129 2073 1236 2114 vitae
1268 2086 1430 2113 cursum
1460 2086 1685 2126 propugna-

179 2142 307 2179 torem
338 2139 586 2194 reipublicae
616 2141 743 2182 fuisse
775 2155 899 2195 eoque
930 2141 1211 2181 vehementius
1243 2141 1458 2181 Caesarem
1491 2141 1687 2191 „unicum

179 2207 492 2263 imperatorem“
524 2210 794 2264 exagitavisse
825 2209 934 2264 quod
972 2209 1081 2251 hune
1110 2223 1190 2251 non
1222 2208 1356 2250 solum
1387 2208 1522 2263 regiae
1555 2208 1686 2263 digni-

180 2276 276 2318 tatis
306 2277 688 2331 appetentissimum
719 2279 789 2321 sed
821 2278 943 2321 etiam
974 2278 1138 2333 flagitiis
1171 2278 1301 2319 omnis
1334 2278 1490 2332 generis
1523 2277 1688 2319 deditis-

179 2345 329 2387 simum
360 2358 448 2386 esse
478 2345 649 2388 videret.

291 2414 352 2454 De
382 2418 553 2468 utroque
583 2414 707 2468 igitur
736 2416 869 2470 poesis
891 2429 1032 2470 genere
1053 2420 1092 2456 et
1121 2414 1246 2469 lyrico
1267 2419 1307 2456 et
1330 2414 1516 2466 iambico,
1545 2415 1586 2455 in
1609 2428 1687 2468 quo

180 2481 552 2535 singularisCatulli
559 2483 785 2539 proprietas
795 2484 993 2537 quaedam
1005 2483 1181 2525 cernitur
1190 2497 1349 2537 quoque
1357 2483 1532 2524 maxime
1540 2497 1688 2524 nomen

179 2556 220 2592 et
261 2551 415 2591 samam
445 2557 684 2593 consecutus
721 2558 783 2593 est
821 2553 889 2607 (cf.
922 2551 1092 2602 Quintis„
1122 2551 1186 2601 X„
1218 2552 1249 2603 Ι,
1281 2552 1355 2606 96)
1394 2558 1532 2606 postea
1563 2565 1686 2604 quam

178 2618 245 2660 vel
277 2622 509 2673 temporum
541 2620 690 2673 quibus
732 2620 893 2675 singula
922 2633 1104 2674 quaeque
1141 2620 1318 2661 carmina
1346 2620 1390 2660 111
1421 2620 1551 2660 lucem
1594 2633 1686 2675 pro-

180 2687 341 2729 dierunt
369 2687 595 2730 rationibus
626 2689 821 2743 neglectis
852 2689 1019 2730 idoneas
1051 2688 1100 2729 ob
1133 2702 1275 2729 causas
1306 2689 1433 2744 primo
1457 2688 1543 2729 1000
1564 2690 1689 2730 verba

180 2757 350 2799 fecimus
379 2756 583 2811 reliquum
615 2763 675 2800 est
719 2762 766 2800 ut
807 2757 856 2799 de
885 2758 938 2800 iis
968 2757 1168 2813 poematis
1199 2758 1374 2800 breviter
1404 2770 1569 2813 agamus
1601 2757 1687 2812 qui-

180 2827 257 2868 bus
287 2817 493 2868 Catullum
534 2841 614 2868 non
655 2832 739 2869 tam
788 2841 882 2869 suos
919 2827 1050 2883 ipsius
1094 2841 1214 2881 quam
1257 2826 1411 2868 alienos
1443 2840 1587 2868 sensus
1617 2831 1688 2868 aut
