1923 3104
972 132 999 205 4

230 267 505 317 pervenerunt
535 261 699 317 quidem
730 262 907 317 integra,
951 263 1020 304 sed
1064 263 1186 305 unius
1217 263 1333 306 Calvi
1363 262 1562 307 fructibus
1592 262 1744 321 ingenii

229 331 413 386 exceptis
457 332 569 373 omni
613 345 780 386 prorsus
824 336 1034 373 venustate
1080 337 1119 373 et
1150 332 1347 387 elegantia
1377 334 1457 374 fide
1485 333 1743 388 antiquitatis

229 405 453 452 caruerunt,
486 400 663 456 palmam
695 400 832 455 poesis
865 401 982 455 longe
1011 401 1239 456 praeripuit
1260 403 1447 444 Catullus
1477 417 1565 443 cum
1590 402 1740 457 ingenii

228 468 509 523 magnitudine
541 473 582 510 et
611 469 863 523 praestantia
893 474 981 510 tum
1012 469 1116 509 mira
1136 470 1235 511 artis
1258 471 1502 525 perfectione
1524 475 1644 524 atque
1676 472 1744 512 ab·

229 537 441 579 solutione.
503 538 687 578 Primum
730 537 839 578 enim
887 538 995 591 quod
1040 538 1219 579 diximus
1263 544 1423 593 poetam
1467 540 1740 581 veronensem

228 607 411 647 omnium
444 606 675 660 aequalium
710 605 1058 661 splendidissimis
1081 607 1339 648 facultatibus
1362 608 1589 663 praeditum
1613 607 1743 648 fuisse

229 676 446 717 concedere
478 689 559 716 non
592 674 797 716 dubitabit
828 674 898 728 qui
929 675 977 715 ad
1012 675 1125 717 varia
1147 676 1370 717 carminum
1403 689 1743 729 numerorumque

227 758 376 798 genera
424 744 464 785 in
509 744 659 797 quibus
702 743 771 784 ille
803 744 898 796 quid
938 744 1097 786 viribus
1128 745 1277 796 ingenii
1312 745 1465 787 valeret
1493 745 1744 801 periclitatus

228 818 301 863 est,
350 813 533 853 animum
570 812 795 854 adverterit
833 816 872 852 et
901 818 1128 868 promptam
1172 814 1258 854 eius
1289 819 1409 867 atque
1441 814 1669 870 expeditam
1701 814 1742 854 in

227 883 348 922 rebus
398 881 599 934 lingendis
642 880 887 921 celeritatem
919 882 1151 936 respexerit.
1212 882 1381 923 Accedit
1417 882 1523 936 quod
1556 882 1742 923 Catullus

229 950 355 990 animi
388 950 532 990 habitu
564 949 852 991 candidissimo
884 950 962 990 fuit
993 955 1032 991 et
1051 950 1308 1004 integerrimo
1330 964 1461 1004 neque
1492 956 1561 992 aut
1590 952 1743 993 urbana

229 1018 430 1073 pravitate
469 1018 738 1074 pessimisque
784 1018 981 1074 exemplis
1023 1018 1095 1060 illo
1141 1018 1317 1059 maxime
1359 1024 1540 1074 tempore
1584 1019 1740 1073 ubique

224 1087 358 1129 obviis
391 1088 586 1129 rusticam
617 1101 776 1129 morum
818 1087 1091 1129 sinceritatem
1121 1101 1300 1141 unquam
1345 1088 1544 1143 corrumpi
1574 1092 1645 1130 aut
1675 1103 1740 1129 cu-

226 1156 470 1211 piditatibus
502 1156 829 1209 libidinibusque
861 1156 959 1197 adeo
991 1170 1033 1197 se
1065 1157 1263 1198 occaecari
1296 1170 1440 1212 passus
1471 1162 1545 1207 est,
1579 1162 1624 1198 ut
1652 1158 1739 1199 veri

225 1226 412 1278 rectique
443 1225 673 1266 naturalem
707 1239 872 1266 sensum
904 1224 1156 1278 extingueret
1185 1230 1224 1266 et
1254 1240 1394 1267 eorum
1425 1225 1497 1278 qui
1518 1239 1561 1267 se
1583 1239 1736 1281 suaque
1751 1267 1755 1273 „

222 1294 394 1334 consilia
424 1293 563 1334 omnia
591 1297 732 1348 poetae
763 1297 902 1348 aperte
924 1293 1180 1334 crediderant
1200 1294 1387 1335 fiduciam
1409 1294 1585 1348 turpiter
1606 1293 1738 1335 laede-

223 1367 360 1403 retae
393 1362 651 1417 deciperet.¹)
709 1361 920 1415 Nusquam
971 1375 1066 1403 vero
1112 1362 1211 1404 alibi
1253 1362 1431 1416 egregias
1477 1362 1550 1402 has
1586 1362 1740 1416 ingenii

223 1431 432 1484 animique
464 1432 636 1473 virtutes
668 1445 766 1483 quas
789 1428 1053 1486 exposuimus
1076 1430 1230 1471 Catulli
1253 1430 1470 1472 dilucidius
1501 1444 1740 1485 cognoscere

224 1500 319 1541 licet
350 1513 473 1553 quam
517 1500 558 1540 in
602 1500 742 1554 lyricis
780 1500 1028 1541 carminibus
1068 1513 1148 1540 non
1180 1505 1263 1540 tam
1295 1499 1588 1555 exemplarium
1620 1499 1741 1540 Grae-

223 1583 363 1609 corum
399 1568 625 1609 imitatione
657 1568 862 1624 expressis
895 1582 1017 1622 quam
1047 1568 1177 1623 ipsius
1208 1572 1348 1622 poetae
1378 1568 1627 1609 Veronensis
1657 1568 1741 1611 sin-

226 1637 360 1690 gulari
393 1637 567 1690 quadam
615 1642 702 1679 arte
743 1642 783 1679 et
813 1637 950 1679 indole
981 1637 1231 1692 compositis.
1291 1636 1337 1677 In
1368 1636 1432 1678 his
1464 1636 1570 1677 enim
1605 1635 1738 1690 qualis

224 1706 278 1746 sit
309 1706 437 1760 lyrica
467 1706 604 1760 poesis
636 1710 677 1747 et
708 1706 849 1759 qualia
879 1706 1011 1747 officia
1041 1705 1125 1746 sint
1154 1718 1256 1758 quae
1286 1719 1311 1746 a
1339 1710 1458 1760 poeta
1483 1719 1578 1746 vere
1610 1705 1738 1759 lyrico

223 1774 471 1829 praestanda
502 1773 783 1828 estlagitentur‚
816 1774 1020 1816 luculento
1043 1773 1201 1829 primus
1223 1773 1407 1828 exemplo
1430 1772 1735 1815 demonstravit.

221 1843 293 1884 Est
323 1856 420 1883 sane
451 1842 636 1883 Catullus
676 1842 819 1896 plenus
865 1848 910 1884 ut
949 1843 1008 1884 ita
1039 1843 1170 1883 dicam
1201 1842 1336 1896 poesis
1369 1846 1410 1882 et
1439 1842 1665 1883 venustatis
1697 1846 1738 1882 et

224 1911 378 1964 gratiae
409 1918 450 1952 et
481 1911 707 1963 elegantiae
737 1925 811 1952 nec
846 1912 971 1953 verba
1008 1914 1230 1966 aucupatur
1274 1914 1344 1951 aut
1388 1910 1539 1951 formas
1585 1910 1736 1963 quibus

225 1979 449 2020 sententias
483 1979 707 2032 eloquatur,
739 1979 810 2019 sed
842 1979 1078 2020 dulcissima
1108 1983 1148 2019 et
1178 1978 1423 2019 suavissima
1453 1992 1525 2019 sua
1555 1992 1737 2032 quaeque

223 2052 367 2102 sponte
400 2063 448 2088 ex
479 2047 626 2088 intimo
659 2051 800 2101 poetae
832 2051 988 2103 pectore
1018 2048 1198 2089 fluminis
1227 2047 1355 2088 instar
1382 2046 1610 2101 profluunt:
1649 2061 1732 2088 car-

221 2115 331 2155 mina
362 2116 449 2156 eius
481 2115 682 2156 amatoria
712 2120 869 2156 tantam
900 2117 964 2157 vel
997 2112 1200 2170 gaudendi
1227 2115 1291 2156 vel
1323 2114 1487 2155 dolendi
1519 2115 1602 2156 vim
1634 2116 1735 2156 veri-

223 2189 429 2237 tatemque
463 2185 618 2239 spirant
648 2197 694 2225 ac
724 2189 924 2227 testantur
945 2190 1135 2238 quantam
1166 2183 1236 2226 vix
1280 2183 1323 2224 in
1355 2182 1463 2224 alius
1494 2182 1735 2237 cuiusquam

221 2257 433 2308 poetarum
479 2253 720 2294 Latinorum
772 2254 956 2296 versibus
1002 2252 1294 2309 deprehendes,
1373 2252 1564 2302 Quocirca
1615 2256 1657 2293 et
1700 2252 1735 2292 si

219 2321 370 2362 amoris
411 2322 710 2363 vehementiam
756 2322 866 2362 illam
915 2329 954 2363 et
991 2323 1191 2363 fervorem
1222 2335 1301 2374 quo
1333 2320 1515 2361 Catullus
1546 2320 1735 2360 Lesbiam

219 2404 337 2431 suam
368 2390 582 2445 amplexus
614 2394 676 2431 est
704 2390 917 2432 nobiscum
949 2390 1229 2445 reputabimus
1273 2394 1312 2430 et
1354 2388 1389 2429 si
1422 2387 1594 2428 eundem
1625 2387 1733 2443 prin-

219 2459 349 2514 cipem
382 2459 647 2514 respiciemus
681 2459 806 2500 fuisse
839 2459 908 2512 qui
941 2459 1114 2500 diversis
1153 2463 1374 2499 metrorum
1406 2456 1621 2510 generibus
1652 2453 1733 2497 'me-

217 2527 318 2568 lieae
350 2527 517 2580 quidem
550 2527 684 2582 poesis
717 2528 892 2568 Graecae
922 2528 1090 2569 scienter
1122 2527 1404 2580 eleganterque
1436 2529 1631 2575 uteretur,
1664 2525 1732 2566 vix

310 2767 342 2810 1)
380 2768 453 2802 Hoc
492 2769 566 2811 ipse
598 2769 699 2811 poeta
728 2766 914 2801 identidem
942 2768 1089 2811 ingenue
1122 2768 1248 2802 fatetur
1278 2768 1314 2801 in
1339 2766 1548 2800 carminibus
1572 2764 1731 2800 LXXVI.

214 2828 248 2859 et
265 2825 334 2861 CII.
360 2825 523 2859 Ponimus
545 2828 657 2858 autem
676 2825 864 2858 carminum
881 2835 1109 2869 versuumque
1127 2835 1286 2858 numeros
1307 2834 1364 2857 eos
1390 2824 1515 2866 quibus
1533 2822 1730 2856 Schwabius

214 2883 249 2915 in
275 2882 424 2916 editione
449 2893 512 2915 sua
539 2882 660 2915 Gissae
690 2882 774 2915 1866
800 2893 883 2916 usus
909 2889 970 2916 est.
