1923 3104
182 177 186 181 ⁴
306 153 310 156 -
722 163 725 166 Α
775 156 778 158 .
883 95 935 142 ¹3
1371 114 1552 181 ”many

154 208 284 269 causa
310 227 374 269 est
404 237 475 270 cur
504 223 678 278 diffidas,
711 230 804 283 apte
833 225 1044 282 explanari
1074 178 1430 283 poss‘ssfffflfflcig
1530 221 1580 267 ‘si
1601 221 1656 266 fa—

82 284 109 338 ἷεῖ
142 286 311 337 'eillima
340 301 381 338 et
409 296 713 353 promptissima
739 299 802 336 sei
819 294 1123 337 emendatione?
1165 295 1253 344 Qua
1282 295 1448 349 quidem
1469 268 1721 344 codiissww,

83 355 100 394 ’ἕ
117 354 131 393 s
148 362 292 408 'Omnia
322 367 423 408 bene
453 366 670 407 cohaerent
699 379 772 406 nec
801 378 881 406 non
910 369 1029 419 poeta
1057 364 1107 405 ab
1137 363 1389 406 incusatione
1409 363 1531 406 unius
1552 363 1655 405 eius-

126 488 129 491 ,
156 434 329 489 demque
351 434 577 477 sententiae
598 434 768 476 moleste
789 433 983 490 repetitae
1003 446 1166 489 prorsus
1187 433 1429 476 vindicatur.
1464 433 1653 475 Ceterum

130 503 249 544 'huic
293 504 544 545 coniecturae
579 517 703 557 quam
740 503 894 544 dudum
924 502 1123 556 Bergkius
1152 503 1326 557 protulit
1356 509 1396 544 et
1423 503 1468 543 iu
1496 507 1653 544 textum

151 576 394 630 receperunt
409 562 648 614 Schwabius
670 576 711 613 et
731 570 1015 620 Rossbachius,
1038 584 1231 624 magnum
1251 571 1382 611 afferri
1404 570 1653 626 praesidium

90 664 95 666 -
151 639 363 682 simillima
393 640 587 682 orationis
617 641 658 681 in
690 653 810 681 versu
841 639 970 680 altero
1001 639 1315 685 conformatione
1345 639 1451 681 ultro
1482 639 1652 694 quisque

0 693 21 717 *a

151 709 477 764 comprehendet.
540 710 736 765 Superest
765 709 807 750 in
839 708 913 750 hac
942 721 1064 749 causa
1098 715 1145 749 ut
1175 709 1433 750 coniectanea
1453 707 1650 763 quaedam

158 777 363 820 Schwabii
402 779 624 820 referamus
661 792 685 819 a
721 778 849 819 forma
884 776 1110 818 litterarum
1154 782 1193 818 et
1231 791 1255 817 a
1293 791 1415 819 sensu
1451 782 1498 818 ut
1534 777 1652 818 nobis

152 845 318 900 quidem
342 846 504 888 videtur
524 847 573 888 ad
595 845 921 902 persuadendum
944 845 1063 887 valde
1083 845 1323 901 probabilia.
1358 845 1424 887 Sic
1437 846 1478 886 in
1501 845 1583 895 LV,
1600 848 1648 888 12

151 918 191 956 et
220 915 388 967 LXVII,
421 916 474 957 39
507 916 569 957 bis
598 918 681 957 heic
712 915 873 970 scripsit
902 915 1075 969 vestigia
1094 929 1282 970 premens
1305 914 1589 956 Germanensis
1611 921 1651 955 et

149 982 325 1025 Parisini
377 987 396 1025 1
442 984 484 1025 in
525 972 704 1025 ‘lectione
744 986 811 1025 hec
849 984 1170 1037 congruentium,
1218 998 1336 1039 porro
1378 983 1488 1035 XXI,
1547 984 1572 1023 9
1610 990 1650 1024 et

152 1052 363 1105 LXVIIIb,
398 1054 474 1095 141
510 1067 558 1094 ex
589 1058 711 1108 atque
741 1052 849 1107 quod
879 1053 965 1094 illic
994 1052 1090 1095 libri
1120 1053 1272 1106 habent
1293 1067 1445 1104 omnes,
1476 1052 1543 1093 hic
1570 1067 1647 1094 non

149 1120 237 1163 sine
278 1121 550 1177 discrepantia
589 1122 746 1164 codices
782 1126 1025 1176 agnoscunt,
1069 1121 1308 1176 particulam
1347 1122 1646 1163 adversativam

147 1194 290 1244 atquei
316 1191 509 1245 reposuit.

183 1311 185 1313 »
264 1280 409 1323 Omnia
445 1282 567 1335 igitur
602 1281 701 1323 haec
737 1295 840 1335 quae
878 1281 1112 1324 notavimus
1151 1281 1336 1337 exempla
1373 1281 1522 1323 indicio
1553 1287 1647 1324 sunt

150 1349 301 1392 veteris
351 1350 573 1406 scripturae
614 1350 763 1397 Lucilii
816 1350 1075 1406 potissimum
1122 1355 1253 1392 aetate
1299 1351 1341 1391 in
1383 1350 1646 1391 declinatione

146 1418 358 1460 nominum
380 1419 673 1461 usitatissimae
687 1419 859 1460 necdum
873 1419 1027 1461 Catulli
1047 1424 1228 1475 tempore
1250 1418 1412 1461 omnino
1425 1419 1645 1470 obsoletae,

147 1485 191 1526 id
221 1486 329 1540 quod
360 1487 543 1542 pluribus
575 1489 661 1530 cius
692 1488 942 1530 testimoniis
972 1489 1079 1529 infra
1108 1489 1243 1543 aptius
1274 1488 1519 1531 docebimus.

260 1578 364 1620 Item
402 1579 556 1634 priscae
594 1580 756 1633 linguae
795 1580 964 1621 formam
1005 1584 1045 1621 et
1086 1580 1264 1635 speciem
1294 1593 1404 1634 praev:
1432 1594 1475 1621 se
1504 1585 1643 1633 gerunt

148 1647 487 1701 superlativorum
519 1648 666 1688 suffixa
696 1662 765 1702 per
792 1662 824 1689 u
845 1648 1022 1688 litteram
1055 1648 1220 1702 prolata,
1253 1648 1369 1689 cuius
1400 1648 1485 1689 loco
1507 1638 1647 1702 postea

144 1714 297 1757 vocalis
327 1719 346 1756 τ’
373 1714 598 1770 legitimam
631 1717 713 1757 vim
743 1715 783 1756 in
814 1715 1114 1771 pronuntiando
1136 1716 1430 1770 scribendoque
1460 1721 1643 1757 assecuta

147 1796 221 1837 per
242 1783 379 1824 omnia
399 1789 582 1839 tempora
600 1784 731 1837 viguit
751 1784 799 1825 cf.
823 1784 992 1834 Quintil,
1014 1784 1045 1827 I.
1071 1786 1108 1826 7.
1129 1787 1194 1827 21.
1236 1785 1417 1827 Corssen.
1440 1785 1471 1826 Ι.
1495 1799 1531 1839 p.
1547 1786 1643 1826 339.

107 1868 110 1871 ¹
145 1851 198 1893 Et
227 1852 333 1894 hanc
362 1852 622 1907 elegantioris
644 1852 948 1894 consuetudinis
968 1866 1138 1894 norman
1158 1853 1311 1908 ubique
1331 1853 1372 1893 in
1395 1852 1644 1893 carminibus

150 1921 236 1963 suis
268 1921 451 1963 Catullus
482 1922 677 1976 sequitur,
709 1926 848 1964 contra
876 1922 1045 1964 fluctuat
1073 1921 1181 1963 idem
1210 1922 1316 1963 inter
1336 1922 1492 1963 litteras
1522 1921 1534 1961 i
1557 1926 1597 1962 ct
1616 1935 1640 1961 u

62 1984 63 1987 ¹
144 1989 191 2030 in
216 1989 280 2031 his
313 1990 396 2031 fere
426 1990 655 2033 vocabulis:
700 1991 998 2040 monimentum
1028 1990 1098 2042 XI,
1132 1994 1198 2042 10,
1230 1990 1299 2031 sed
1332 1995 1643 2032 monumentum

141 2058 380 2109 LXXXXV,
412 2060 449 2102 9.
497 2059 612 2100 lubet
641 2059 734 2110 XV,
764 2060 818 2102 II.
858 2059 986 2110 XVII,
1020 2061 1083 2101 17.
1125 2059 1291 2110 XXVII,
1322 2061 1362 2101 5.
1402 2058 1574 2100 XXXII.
1604 2062 1642 2100 (ἰ.

142 2126 245 2179 LXI,
281 2127 374 2185 133.
428 2129 508 2171 211
544 2132 585 2169 et
613 2126 739 2177 LXII,
782 2129 836 2170 36
868 2142 918 2169 ex
947 2126 1042 2168 libri
1072 2127 1259 2168 Thuanei
1295 2127 1492 2182 scriptura
1521 2127 1643 2182 paulo

143 2200 333 2251 corrupta
353 2197 513 2237 adlucet
527 2197 601 2251 >pro
622 2201 665 2237 at
683 2197 812 2247 lubet,
840 2195 948 2250 quod
969 2195 1200 2237 Schwabius
1222 2200 1328 2237 recte
1348 2195 1464 2239 vidit.
1489 2195 1644 2237 Deinde
1685 2233 1689 2235 r

127 2264 340 2320 *qualubet*
364 2263 453 2316 XV,
501 2268 560 2307 ll.
594 2264 764 2316 XXIIII,
797 2267 836 2308 9.
866 2264 1032 2316 XXXX,
1054 2265 1093 2306 6.
1124 2263 1305 2315 LXXVI,
1330 2265 1395 2308 14.
1428 2264 1644 2318 quidlubet

139 2333 370 2385 XXXVIII,
394 2335 432 2376 7.
465 2333 653 2388 quilubet
682 2334 936 2384 XXXVIIII,
970 2337 1031 2377 14.
1064 2333 1272 2375 lubentius
1292 2333 1398 2386 LXI,
1420 2335 1487 2376 41.
1519 2334 1640 2375 semel

144 2407 303 2444 tantum
333 2402 434 2457 libet
453 2402 503 2455 II,
536 2403 574 2445 6.
633 2401 805 2444 Accedit
845 2416 992 2444 nomen
1032 2402 1239 2457 proprium
1275 2402 1417 2444 eadem
1445 2403 1643 2443 fluctuans

144 2470 381 2513 diversitate
423 2472 642 2528 scripturae
684 2472 728 2513 in
770 2486 891 2515 carm.
923 2471 1125 2523 XXXXV,
1167 2471 1240 2513 ubi
1270 2487 1335 2514 vv.
1369 2475 1388 2514 1
1423 2477 1463 2514 et
1493 2472 1547 2514 23
1580 2471 1640 2513 bis

143 2538 380 2596 Septimius,
411 2540 484 2582 sed
517 2542 568 2583 13
599 2540 843 2596 Septumille
875 2546 914 2582 et
945 2541 990 2582 21
1029 2540 1264 2596 Septumius
1297 2541 1457 2596 legitur.

251 2631 373 2673 Porro
403 2645 484 2674 non
513 2631 691 2673 alienum
723 2633 887 2675 videtur
916 2633 1053 2675 afferre
1074 2633 1116 2674 in
1137 2633 1373 2689 compositis
1395 2632 1639 2687 quibusdam

0 2694 66 2765 ἐζ,
93 2711 95 2714 ’
139 2701 351 2754 vocabulis
382 2714 552 2755 quorum
582 2701 743 2744 vocales
773 2702 1011 2757 plerumque
1050 2702 1096 2743 in
1131 2702 1233 2744 alias
1271 2701 1438 2744 transire
1469 2706 1638 2752 constat,

0 2781 4 2800 =
31 2764 65 2799 ν’
137 2769 321 2826 priorum
343 2776 553 2825 poetarum
576 2785 685 2812 more
706 2771 863 2812 Catullo
884 2771 1085 2826 placuisse
1105 2772 1284 2813 vocalem
1306 2771 1418 2812 vocis
1441 2770 1639 2825 simplicis

135 2838 320 2888 retinere,
351 2839 465 2880 cuius
487 2839 549 2880 rei
571 2839 756 2894 exempla
778 2844 872 2881 sunt
892 2840 1103 2895 insapiens
1124 2839 1347 2889 XXXXIII,
1372 2839 1396 2880 8
1423 2839 1485 2889 (cf.
1508 2839 1638 2895 Caper
