<?xml version="1.0" encoding="UTF-8"?>
<!DOCTYPE html PUBLIC "-//W3C//DTD XHTML 1.0 Transitional//EN"
    "http://www.w3.org/TR/xhtml1/DTD/xhtml1-transitional.dtd">
<html xmlns="http://www.w3.org/1999/xhtml" xml:lang="en" lang="en">
 <head>
  <title>
</title>
<meta http-equiv="Content-Type" content="text/html;charset=utf-8" />
  <meta name='ocr-system' content='tesseract 3.04.00' />
  <meta name='ocr-capabilities' content='ocr_page ocr_carea ocr_par ocr_line ocrx_word'/>
</head>
<body>
  <div class='ocr_page' id='page_1' title='image "4737845_0037.png"; bbox 0 0 1923 3104; ppageno 0'>
   <div class='ocr_carea' id='block_1_1' title="bbox 964 55 1020 100">
    <p class='ocr_par' dir='ltr' id='par_1_1' title="bbox 964 55 1020 100">
     <span class='ocr_line' id='line_1_1' title="bbox 964 55 1020 100; baseline 0.036 -2"><span class='ocrx_word' id='word_1_1' title='bbox 964 55 1020 100; x_wconf 81' lang='lat'><strong>24</strong></span> 
     </span>
    </p>
   </div>
   <div class='ocr_carea' id='block_1_2' title="bbox 1718 0 1923 532">
    <p class='ocr_par' dir='ltr' id='par_1_2' title="bbox 1718 0 1923 532">
     <span class='ocr_line' id='line_1_2' title="bbox 1718 0 1923 272; baseline 0 0"><span class='ocrx_word' id='word_1_2' title='bbox 1718 0 1923 272; x_wconf 95' lang='lat' dir='ltr'><strong>  </strong></span> 
     </span>
     <span class='ocr_line' id='line_1_3' title="bbox 1746 272 1923 532; baseline 0 -240"><span class='ocrx_word' id='word_1_3' title='bbox 1746 272 1923 532; x_wconf 95' lang='lat' dir='ltr'><strong>   </strong></span> 
     </span>
    </p>
   </div>
   <div class='ocr_carea' id='block_1_3' title="bbox 243 181 1914 517">
    <p class='ocr_par' dir='ltr' id='par_1_3' title="bbox 243 181 1914 517">
     <span class='ocr_line' id='line_1_4' title="bbox 244 181 1748 242; baseline 0.002 -18"><span class='ocrx_word' id='word_1_4' title='bbox 244 198 283 239; x_wconf 88' lang='lat' dir='ltr'><strong>p.</strong></span> <span class='ocrx_word' id='word_1_5' title='bbox 307 184 333 224; x_wconf 87' lang='lat'>4</span> <span class='ocrx_word' id='word_1_6' title='bbox 365 188 449 225; x_wconf 83' lang='lat' dir='ltr'><strong>tres</strong></span> <span class='ocrx_word' id='word_1_7' title='bbox 479 182 561 224; x_wconf 89' lang='lat' dir='ltr'><strong>iam</strong></span> <span class='ocrx_word' id='word_1_8' title='bbox 602 181 676 223; x_wconf 91' lang='lat' dir='ltr'><strong>illo</strong></span> <span class='ocrx_word' id='word_1_9' title='bbox 707 189 890 238; x_wconf 82' lang='lat' dir='ltr'><strong>tempore</strong></span> <span class='ocrx_word' id='word_1_10' title='bbox 920 181 1043 224; x_wconf 86' lang='lat' dir='ltr'><strong>Gellii</strong></span> <span class='ocrx_word' id='word_1_11' title='bbox 1074 181 1262 225; x_wconf 78' lang='lat' dir='ltr'><strong>extitisse</strong></span> <span class='ocrx_word' id='word_1_12' title='bbox 1291 182 1334 224; x_wconf 92' lang='lat' dir='ltr'><strong>in</strong></span> <span class='ocrx_word' id='word_1_13' title='bbox 1365 181 1516 225; x_wconf 85' lang='lat' dir='ltr'><strong>Catulli</strong></span> <span class='ocrx_word' id='word_1_14' title='bbox 1546 182 1748 242; x_wconf 73' lang='lat' dir='ltr'><strong>exempla·</strong></span> 
     </span>
     <span class='ocr_line' id='line_1_5' title="bbox 244 248 1826 308; baseline 0.001 -15"><span class='ocrx_word' id='word_1_15' title='bbox 244 252 358 293; x_wconf 87' lang='lat' dir='ltr'><strong>ribus</strong></span> <span class='ocrx_word' id='word_1_16' title='bbox 391 251 513 293; x_wconf 88' lang='lat' dir='ltr'><strong>huius</strong></span> <span class='ocrx_word' id='word_1_17' title='bbox 542 250 619 292; x_wconf 90' lang='lat' dir='ltr'><strong>loci</strong></span> <span class='ocrx_word' id='word_1_18' title='bbox 650 250 843 293; x_wconf 88' lang='lat' dir='ltr'><strong>lectiones</strong></span> <span class='ocrx_word' id='word_1_19' title='bbox 873 264 974 306; x_wconf 87' lang='lat' dir='ltr'><strong>quas</strong></span> <span class='ocrx_word' id='word_1_20' title='bbox 1005 251 1098 294; x_wconf 90' lang='lat' dir='ltr'><strong>vide</strong></span> <span class='ocrx_word' id='word_1_21' title='bbox 1127 248 1237 308; x_wconf 85' lang='lat' dir='ltr'><strong>apud</strong></span> <span class='ocrx_word' id='word_1_22' title='bbox 1269 250 1528 294; x_wconf 86' lang='lat' dir='ltr'><strong>Schwabium</strong></span> <span class='ocrx_word' id='word_1_23' title='bbox 1567 252 1619 295; x_wconf 81' lang='lat' dir='ltr'><strong>ad</strong></span> <span class='ocrx_word' id='word_1_24' title='bbox 1647 253 1688 298; x_wconf 87' lang='grc'><strong>11.</strong></span> <span class='ocrx_word' id='word_1_25' title='bbox 1713 253 1746 296; x_wconf 93' lang='grc'><strong>·1.</strong></span> <span class='ocrx_word' id='word_1_26' title='bbox 1777 298 1781 307; x_wconf 12' lang='grc'>1</span> <span class='ocrx_word' id='word_1_27' title='bbox 1809 289 1826 307; x_wconf 20' lang='grc'><strong>,-</strong></span> 
     </span>
     <span class='ocr_line' id='line_1_6' title="bbox 243 320 1748 377; baseline 0.001 -14"><span class='ocrx_word' id='word_1_28' title='bbox 243 321 402 363; x_wconf 83' lang='lat' dir='ltr'>Deinde</span> <span class='ocrx_word' id='word_1_29' title='bbox 446 325 565 377; x_wconf 82' lang='lat' dir='ltr'><strong>poeta</strong></span> <span class='ocrx_word' id='word_1_30' title='bbox 605 320 800 374; x_wconf 81' lang='lat' dir='ltr'><strong>singulari</strong></span> <span class='ocrx_word' id='word_1_31' title='bbox 843 333 1011 363; x_wconf 89' lang='lat' dir='ltr'><strong>numero</strong></span> <span class='ocrx_word' id='word_1_32' title='bbox 1053 320 1190 377; x_wconf 81' lang='lat' dir='ltr'><strong>posuit</strong></span> <span class='ocrx_word' id='word_1_33' title='bbox 1225 322 1278 362; x_wconf 78' lang='lat' dir='ltr'><strong>ilc</strong></span> <span class='ocrx_word' id='word_1_34' title='bbox 1312 320 1355 362; x_wconf 93' lang='lat' dir='ltr'><strong>in</strong></span> <span class='ocrx_word' id='word_1_35' title='bbox 1395 320 1583 363; x_wconf 84' lang='lat' dir='ltr'><strong>carminis</strong></span> <span class='ocrx_word' id='word_1_36' title='bbox 1612 321 1748 364; x_wconf 88' lang='lat' dir='ltr'>LXIII</span> 
     </span>
     <span class='ocr_line' id='line_1_7' title="bbox 245 380 1856 445; baseline 0.001 -13"><span class='ocrx_word' id='word_1_37' title='bbox 245 405 368 433; x_wconf 87' lang='lat' dir='ltr'><strong>versu</strong></span> <span class='ocrx_word' id='word_1_38' title='bbox 399 391 426 433; x_wconf 85' lang='lat'>5</span> <span class='ocrx_word' id='word_1_39' title='bbox 456 389 620 431; x_wconf 86' lang='lat' dir='ltr'><strong>mirifice</strong></span> <span class='ocrx_word' id='word_1_40' title='bbox 650 403 674 430; x_wconf 89' lang='lat' dir='ltr'><strong>a</strong></span> <span class='ocrx_word' id='word_1_41' title='bbox 704 388 886 431; x_wconf 88' lang='lat' dir='ltr'><strong>librariis</strong></span> <span class='ocrx_word' id='word_1_42' title='bbox 917 394 1120 445; x_wconf 87' lang='lat' dir='ltr'><strong>corrupto.</strong></span> <span class='ocrx_word' id='word_1_43' title='bbox 1179 388 1303 430; x_wconf 87' lang='lat' dir='ltr'><strong>Cuius</strong></span> <span class='ocrx_word' id='word_1_44' title='bbox 1324 388 1491 443; x_wconf 89' lang='lat' dir='ltr'><strong>quidem</strong></span> <span class='ocrx_word' id='word_1_45' title='bbox 1519 390 1750 433; x_wconf 81' lang='lat' dir='ltr'><strong>emendatio</strong></span> <span class='ocrx_word' id='word_1_46' title='bbox 1800 394 1818 400; x_wconf 70' lang='grc'><em>”</em></span> <span class='ocrx_word' id='word_1_47' title='bbox 1840 380 1856 391; x_wconf 38' lang='lat'><strong>⁶</strong></span> 
     </span>
     <span class='ocr_line' id='line_1_8' title="bbox 244 450 1914 517; baseline 0 -15"><span class='ocrx_word' id='word_1_48' title='bbox 244 459 465 517; x_wconf 89' lang='lat' dir='ltr'><strong>plurimum</strong></span> <span class='ocrx_word' id='word_1_49' title='bbox 495 457 618 501; x_wconf 89' lang='lat' dir='ltr'><strong>debet</strong></span> <span class='ocrx_word' id='word_1_50' title='bbox 638 457 896 499; x_wconf 86' lang='lat' dir='ltr'><strong>Lachmanno</strong></span> <span class='ocrx_word' id='word_1_51' title='bbox 927 463 968 500; x_wconf 89' lang='lat' dir='ltr'><strong>et</strong></span> <span class='ocrx_word' id='word_1_52' title='bbox 995 457 1177 514; x_wconf 88' lang='lat' dir='ltr'><strong>Hauptio</strong></span> <span class='ocrx_word' id='word_1_53' title='bbox 1207 471 1375 512; x_wconf 89' lang='lat' dir='ltr'><strong>quorum</strong></span> <span class='ocrx_word' id='word_1_54' title='bbox 1406 457 1478 500; x_wconf 91' lang='lat' dir='ltr'><strong>ille</strong></span> <span class='ocrx_word' id='word_1_55' title='bbox 1503 458 1653 501; x_wconf 85' lang='lat' dir='ltr'><strong>tradita</strong></span> <span class='ocrx_word' id='word_1_56' title='bbox 1671 459 1750 502; x_wconf 83' lang='lat' dir='ltr'><strong>lec-</strong></span> <span class='ocrx_word' id='word_1_57' title='bbox 1864 454 1869 463; x_wconf 72' lang='grc'><strong>’</strong></span> <span class='ocrx_word' id='word_1_58' title='bbox 1906 450 1914 457; x_wconf 58' lang='grc'>’</span> 
     </span>
    </p>
   </div>
   <div class='ocr_carea' id='block_1_4' title="bbox 246 525 1923 719">
    <p class='ocr_par' dir='ltr' id='par_1_4' title="bbox 246 525 1923 719">
     <span class='ocr_line' id='line_1_9' title="bbox 246 525 1923 598; baseline -0.001 -28"><span class='ocrx_word' id='word_1_59' title='bbox 246 529 357 571; x_wconf 88' lang='grc'>110110</span> <span class='ocrx_word' id='word_1_60' title='bbox 386 529 502 569; x_wconf 76' lang='lat' dir='ltr'><strong>z‘letas</strong></span> <span class='ocrx_word' id='word_1_61' title='bbox 532 526 677 568; x_wconf 89' lang='lat' dir='ltr'><strong>merito</strong></span> <span class='ocrx_word' id='word_1_62' title='bbox 724 530 902 568; x_wconf 89' lang='lat' dir='ltr'><strong>resecata</strong></span> <span class='ocrx_word' id='word_1_63' title='bbox 930 527 983 568; x_wconf 83' lang='lat' dir='ltr'><strong>ile</strong></span> <span class='ocrx_word' id='word_1_64' title='bbox 1024 525 1216 579; x_wconf 84' lang='lat' dir='ltr'><strong>restituit,</strong></span> <span class='ocrx_word' id='word_1_65' title='bbox 1265 526 1330 568; x_wconf 90' lang='lat' dir='ltr'><strong>hic</strong></span> <span class='ocrx_word' id='word_1_66' title='bbox 1369 527 1539 569; x_wconf 83' lang='lat' dir='ltr'><strong>formam</strong></span> <span class='ocrx_word' id='word_1_67' title='bbox 1584 529 1754 570; x_wconf 60' lang='lat' dir='ltr'><strong>devolsa</strong></span> <span class='ocrx_word' id='word_1_68' title='bbox 1832 575 1859 586; x_wconf 20' lang='grc' dir='ltr'>Ἢ</span> <span class='ocrx_word' id='word_1_69' title='bbox 1889 538 1923 598; x_wconf 49' lang='grc' dir='ltr'><strong>*ᾗ</strong></span> 
     </span>
     <span class='ocr_line' id='line_1_10' title="bbox 248 580 1923 667; baseline -0.002 -28"><span class='ocrx_word' id='word_1_70' title='bbox 248 597 347 639; x_wconf 88' lang='lat' dir='ltr'><strong>scite</strong></span> <span class='ocrx_word' id='word_1_71' title='bbox 377 595 548 638; x_wconf 87' lang='lat' dir='ltr'><strong>invenit.</strong></span> <span class='ocrx_word' id='word_1_72' title='bbox 609 594 798 637; x_wconf 88' lang='lat' dir='ltr'><strong>Ceterum</strong></span> <span class='ocrx_word' id='word_1_73' title='bbox 829 594 1077 636; x_wconf 89' lang='lat' dir='ltr'><strong>Lachmanni</strong></span> <span class='ocrx_word' id='word_1_74' title='bbox 1107 595 1334 637; x_wconf 88' lang='lat' dir='ltr'><strong>coniectura</strong></span> <span class='ocrx_word' id='word_1_75' title='bbox 1363 609 1482 649; x_wconf 84' lang='lat' dir='ltr'><strong>quam</strong></span> <span class='ocrx_word' id='word_1_76' title='bbox 1515 609 1657 637; x_wconf 87' lang='lat' dir='ltr'><strong>omnes</strong></span> <span class='ocrx_word' id='word_1_77' title='bbox 1677 595 1750 638; x_wconf 86' lang='lat' dir='ltr'><strong>Ca·</strong></span> <span class='ocrx_word' id='word_1_78' title='bbox 1868 580 1923 667; x_wconf 33' lang='grc' dir='ltr'><strong>’ἐξ</strong></span> 
     </span>
     <span class='ocr_line' id='line_1_11' title="bbox 251 660 1923 719; baseline -0.005 -11"><span class='ocrx_word' id='word_1_79' title='bbox 251 666 345 708; x_wconf 87' lang='grc'>111111</span> <span class='ocrx_word' id='word_1_80' title='bbox 378 665 618 719; x_wconf 75' lang='lat' dir='ltr'><strong>interpretes</strong></span> <span class='ocrx_word' id='word_1_81' title='bbox 649 668 904 718; x_wconf 86' lang='lat' dir='ltr'><strong>receperunt,</strong></span> <span class='ocrx_word' id='word_1_82' title='bbox 942 663 1101 717; x_wconf 85' lang='lat' dir='ltr'><strong>egregie</strong></span> <span class='ocrx_word' id='word_1_83' title='bbox 1136 663 1441 705; x_wconf 89' lang='lat' dir='ltr'><strong>commendatur</strong></span> <span class='ocrx_word' id='word_1_84' title='bbox 1469 664 1602 705; x_wconf 90' lang='lat' dir='ltr'><strong>Servii</strong></span> <span class='ocrx_word' id='word_1_85' title='bbox 1639 663 1750 705; x_wconf 87' lang='lat' dir='ltr'><strong>testi·</strong></span> <span class='ocrx_word' id='word_1_86' title='bbox 1780 677 1782 680; x_wconf 82' lang='lat'>·</span> <span class='ocrx_word' id='word_1_87' title='bbox 1860 660 1923 709; x_wconf 53' lang='lat' dir='ltr'><strong>:ss-2</strong></span> 
     </span>
    </p>
   </div>
   <div class='ocr_carea' id='block_1_5' title="bbox 245 730 1758 2573">
    <p class='ocr_par' dir='ltr' id='par_1_5' title="bbox 245 730 1758 2573">
     <span class='ocr_line' id='line_1_12' title="bbox 245 730 1751 787; baseline -0.001 -11"><span class='ocrx_word' id='word_1_88' title='bbox 245 733 382 776; x_wconf 87' lang='lat' dir='ltr'><strong>monio</strong></span> <span class='ocrx_word' id='word_1_89' title='bbox 424 732 477 773; x_wconf 91' lang='lat' dir='ltr'><strong>ad</strong></span> <span class='ocrx_word' id='word_1_90' title='bbox 512 731 631 784; x_wconf 86' lang='lat' dir='ltr'><strong>Verg.</strong></span> <span class='ocrx_word' id='word_1_91' title='bbox 671 731 756 775; x_wconf 85' lang='lat' dir='ltr'><strong>Ecl.</strong></span> <span class='ocrx_word' id='word_1_92' title='bbox 797 731 890 781; x_wconf 90' lang='lat' dir='ltr'><strong>VII,</strong></span> <span class='ocrx_word' id='word_1_93' title='bbox 934 732 988 774; x_wconf 78' lang='lat'><strong>26</strong></span> <span class='ocrx_word' id='word_1_94' title='bbox 1030 736 1070 773; x_wconf 92' lang='lat' dir='ltr'><strong>et</strong></span> <span class='ocrx_word' id='word_1_95' title='bbox 1111 731 1213 774; x_wconf 93' lang='lat' dir='ltr'><strong>Aen.</strong></span> <span class='ocrx_word' id='word_1_96' title='bbox 1252 731 1347 782; x_wconf 90' lang='lat' dir='ltr'><strong>VlI,</strong></span> <span class='ocrx_word' id='word_1_97' title='bbox 1388 732 1471 774; x_wconf 90' lang='grc'><strong>499</strong></span> <span class='ocrx_word' id='word_1_98' title='bbox 1518 730 1584 787; x_wconf 85' lang='lat' dir='ltr'><strong>(cf.</strong></span> <span class='ocrx_word' id='word_1_99' title='bbox 1630 731 1751 774; x_wconf 83' lang='lat' dir='ltr'><strong>etiam</strong></span> 
     </span>
     <span class='ocr_line' id='line_1_13' title="bbox 246 799 1752 856; baseline -0.001 -12"><span class='ocrx_word' id='word_1_100' title='bbox 246 801 419 844; x_wconf 88' lang='lat' dir='ltr'><strong>Ritschl.</strong></span> <span class='ocrx_word' id='word_1_101' title='bbox 451 800 496 841; x_wconf 90' lang='lat' dir='ltr'><strong>in</strong></span> <span class='ocrx_word' id='word_1_102' title='bbox 526 813 630 842; x_wconf 87' lang='lat' dir='ltr'><strong>mus.</strong></span> <span class='ocrx_word' id='word_1_103' title='bbox 661 799 789 841; x_wconf 88' lang='lat' dir='ltr'><strong>Rben.</strong></span> <span class='ocrx_word' id='word_1_104' title='bbox 822 800 899 841; x_wconf 91' lang='lat' dir='ltr'><strong>VII</strong></span> <span class='ocrx_word' id='word_1_105' title='bbox 930 814 968 855; x_wconf 87' lang='lat' dir='ltr'><strong>p.</strong></span> <span class='ocrx_word' id='word_1_106' title='bbox 996 802 1080 844; x_wconf 86' lang='lat'><strong>312</strong></span> <span class='ocrx_word' id='word_1_107' title='bbox 1101 801 1197 856; x_wconf 85' lang='lat' dir='ltr'><strong>sq.).</strong></span> <span class='ocrx_word' id='word_1_108' title='bbox 1257 800 1469 842; x_wconf 86' lang='lat' dir='ltr'><strong>Praeterea</strong></span> <span class='ocrx_word' id='word_1_109' title='bbox 1498 800 1533 842; x_wconf 92' lang='lat' dir='ltr'><strong>si</strong></span> <span class='ocrx_word' id='word_1_110' title='bbox 1572 800 1752 842; x_wconf 87' lang='lat' dir='ltr'><strong>conside-</strong></span> 
     </span>
     <span class='ocr_line' id='line_1_14' title="bbox 246 869 1754 927; baseline 0 -15"><span class='ocrx_word' id='word_1_111' title='bbox 246 885 385 912; x_wconf 87' lang='lat' dir='ltr'><strong>ramus</strong></span> <span class='ocrx_word' id='word_1_112' title='bbox 414 870 602 924; x_wconf 87' lang='lat' dir='ltr'><strong>quotiens</strong></span> <span class='ocrx_word' id='word_1_113' title='bbox 624 869 812 910; x_wconf 86' lang='lat' dir='ltr'><strong>Catullus</strong></span> <span class='ocrx_word' id='word_1_114' title='bbox 841 883 865 910; x_wconf 91' lang='lat' dir='ltr'><strong>a</strong></span> <span class='ocrx_word' id='word_1_115' title='bbox 895 873 1121 911; x_wconf 87' lang='lat' dir='ltr'><strong>ceterorum</strong></span> <span class='ocrx_word' id='word_1_116' title='bbox 1151 869 1447 927; x_wconf 85' lang='lat' dir='ltr'><strong>usuloquendi</strong></span> <span class='ocrx_word' id='word_1_117' title='bbox 1478 869 1682 925; x_wconf 83' lang='lat' dir='ltr'><strong>discrepet</strong></span> <span class='ocrx_word' id='word_1_118' title='bbox 1711 874 1754 912; x_wconf 85' lang='lat' dir='ltr'><strong>et</strong></span> 
     </span>
     <span class='ocr_line' id='line_1_15' title="bbox 247 937 1753 994; baseline -0.001 -13"><span class='ocrx_word' id='word_1_119' title='bbox 247 939 282 981; x_wconf 91' lang='lat' dir='ltr'><strong>si</strong></span> <span class='ocrx_word' id='word_1_120' title='bbox 312 951 595 994; x_wconf 85' lang='lat' dir='ltr'><strong>comparamus</strong></span> <span class='ocrx_word' id='word_1_121' title='bbox 625 937 819 979; x_wconf 86' lang='lat' dir='ltr'><strong>traditam</strong></span> <span class='ocrx_word' id='word_1_122' title='bbox 852 937 1064 979; x_wconf 88' lang='lat' dir='ltr'><strong>lectionem</strong></span> <span class='ocrx_word' id='word_1_123' title='bbox 1101 937 1146 978; x_wconf 91' lang='lat' dir='ltr'><strong>in</strong></span> <span class='ocrx_word' id='word_1_124' title='bbox 1182 951 1263 992; x_wconf 92' lang='lat' dir='ltr'><strong>qua</strong></span> <span class='ocrx_word' id='word_1_125' title='bbox 1300 938 1497 993; x_wconf 86' lang='lat' dir='ltr'><strong>genuinae</strong></span> <span class='ocrx_word' id='word_1_126' title='bbox 1528 939 1753 994; x_wconf 83' lang='lat' dir='ltr'><strong>scripturae</strong></span> 
     </span>
     <span class='ocr_line' id='line_1_16' title="bbox 247 1005 1750 1060; baseline -0.001 -12"><span class='ocrx_word' id='word_1_127' title='bbox 247 1007 423 1059; x_wconf 85' lang='lat' dir='ltr'><strong>vestigia</strong></span> <span class='ocrx_word' id='word_1_128' title='bbox 451 1006 787 1047; x_wconf 86' lang='lat' dir='ltr'><strong>manifestissima</strong></span> <span class='ocrx_word' id='word_1_129' title='bbox 817 1005 957 1055; x_wconf 86' lang='lat' dir='ltr'><strong>latent,</strong></span> <span class='ocrx_word' id='word_1_130' title='bbox 989 1006 1106 1046; x_wconf 91' lang='lat' dir='ltr'><strong>nulla</strong></span> <span class='ocrx_word' id='word_1_131' title='bbox 1134 1006 1298 1047; x_wconf 91' lang='lat' dir='ltr'><strong>omnino</strong></span> <span class='ocrx_word' id='word_1_132' title='bbox 1329 1007 1531 1049; x_wconf 83' lang='lat' dir='ltr'><strong>dubitatio</strong></span> <span class='ocrx_word' id='word_1_133' title='bbox 1562 1012 1623 1049; x_wconf 89' lang='lat' dir='ltr'><strong>est</strong></span> <span class='ocrx_word' id='word_1_134' title='bbox 1651 1007 1750 1060; x_wconf 92' lang='lat' dir='ltr'><strong>quin</strong></span> 
     </span>
     <span class='ocr_line' id='line_1_17' title="bbox 251 1072 1753 1131; baseline -0.001 -14"><span class='ocrx_word' id='word_1_135' title='bbox 251 1088 397 1117; x_wconf 86' lang='lat' dir='ltr'><strong>manus</strong></span> <span class='ocrx_word' id='word_1_136' title='bbox 442 1079 584 1130; x_wconf 89' lang='lat' dir='ltr'><strong>poetae</strong></span> <span class='ocrx_word' id='word_1_137' title='bbox 627 1073 833 1127; x_wconf 84' lang='lat' dir='ltr'><strong>singulare</strong></span> <span class='ocrx_word' id='word_1_138' title='bbox 877 1086 1027 1114; x_wconf 83' lang='lat' dir='ltr'><strong>nomen</strong></span> <span class='ocrx_word' id='word_1_139' title='bbox 1070 1072 1228 1115; x_wconf 87' lang='lat' dir='ltr'><strong>dederit</strong></span> <span class='ocrx_word' id='word_1_140' title='bbox 1272 1075 1472 1117; x_wconf 85' lang='lat' dir='ltr'><strong>‘castitate</strong></span> <span class='ocrx_word' id='word_1_141' title='bbox 1516 1088 1613 1131; x_wconf 88' lang='lat' dir='ltr'><strong>prae</strong></span> <span class='ocrx_word' id='word_1_142' title='bbox 1658 1074 1753 1116; x_wconf 88' lang='lat' dir='ltr'><strong>aliis</strong></span> 
     </span>
     <span class='ocr_line' id='line_1_18' title="bbox 247 1141 1751 1197; baseline -0.001 -12"><span class='ocrx_word' id='word_1_143' title='bbox 247 1142 575 1185; x_wconf 89' lang='lat' dir='ltr'><strong>commendatum</strong></span> <span class='ocrx_word' id='word_1_144' title='bbox 620 1146 660 1183; x_wconf 92' lang='lat' dir='ltr'><strong>et</strong></span> <span class='ocrx_word' id='word_1_145' title='bbox 700 1142 791 1197; x_wconf 88' lang='lat' dir='ltr'><strong>ipsa</strong></span> <span class='ocrx_word' id='word_1_146' title='bbox 833 1142 984 1183; x_wconf 87' lang='lat' dir='ltr'><strong>formae</strong></span> <span class='ocrx_word' id='word_1_147' title='bbox 1022 1141 1216 1183; x_wconf 89' lang='lat' dir='ltr'><strong>varietate</strong></span> <span class='ocrx_word' id='word_1_148' title='bbox 1259 1148 1300 1184; x_wconf 90' lang='lat' dir='ltr'><strong>et</strong></span> <span class='ocrx_word' id='word_1_149' title='bbox 1335 1143 1505 1185; x_wconf 84' lang='lat' dir='ltr'><strong>fortasse</strong></span> <span class='ocrx_word' id='word_1_150' title='bbox 1549 1147 1751 1185; x_wconf 81' lang='lat' dir='ltr'><strong>vetustate</strong></span> 
     </span>
     <span class='ocr_line' id='line_1_19' title="bbox 247 1209 1751 1266; baseline -0.001 -12"><span class='ocrx_word' id='word_1_151' title='bbox 247 1212 344 1254; x_wconf 90' lang='grc'>111110</span> <span class='ocrx_word' id='word_1_152' title='bbox 373 1211 565 1260; x_wconf 83' lang='lat' dir='ltr'><strong>carmini,</strong></span> <span class='ocrx_word' id='word_1_153' title='bbox 605 1210 647 1250; x_wconf 93' lang='lat' dir='ltr'><strong>in</strong></span> <span class='ocrx_word' id='word_1_154' title='bbox 687 1223 765 1263; x_wconf 90' lang='lat' dir='ltr'><strong>quo</strong></span> <span class='ocrx_word' id='word_1_155' title='bbox 801 1209 958 1251; x_wconf 87' lang='lat' dir='ltr'><strong>altioris</strong></span> <span class='ocrx_word' id='word_1_156' title='bbox 993 1214 1033 1251; x_wconf 87' lang='lat' dir='ltr'><strong>et</strong></span> <span class='ocrx_word' id='word_1_157' title='bbox 1070 1209 1314 1263; x_wconf 85' lang='lat' dir='ltr'><strong>antiquioris</strong></span> <span class='ocrx_word' id='word_1_158' title='bbox 1347 1210 1547 1252; x_wconf 89' lang='lat' dir='ltr'><strong>sermonis</strong></span> <span class='ocrx_word' id='word_1_159' title='bbox 1577 1211 1751 1266; x_wconf 86' lang='lat' dir='ltr'><strong>speciem</strong></span> 
     </span>
     <span class='ocr_line' id='line_1_20' title="bbox 249 1277 1750 1334; baseline -0.001 -12"><span class='ocrx_word' id='word_1_160' title='bbox 249 1280 431 1322; x_wconf 88' lang='lat' dir='ltr'><strong>studiose</strong></span> <span class='ocrx_word' id='word_1_161' title='bbox 462 1283 638 1321; x_wconf 87' lang='lat' dir='ltr'><strong>sectatus</strong></span> <span class='ocrx_word' id='word_1_162' title='bbox 659 1282 732 1326; x_wconf 89' lang='lat' dir='ltr'><strong>est,</strong></span> <span class='ocrx_word' id='word_1_163' title='bbox 764 1277 948 1333; x_wconf 89' lang='lat' dir='ltr'><strong>inprimis</strong></span> <span class='ocrx_word' id='word_1_164' title='bbox 968 1281 1122 1333; x_wconf 89' lang='lat' dir='ltr'><strong>aptum‘</strong></span> <span class='ocrx_word' id='word_1_165' title='bbox 1155 1278 1203 1320; x_wconf 87' lang='lat' dir='ltr'><strong>cf.</strong></span> <span class='ocrx_word' id='word_1_166' title='bbox 1234 1279 1579 1334; x_wconf 84' lang='lat' dir='ltr'><strong>HauptiiQuaest.</strong></span> <span class='ocrx_word' id='word_1_167' title='bbox 1599 1278 1750 1321; x_wconf 87' lang='lat' dir='ltr'><strong>Catull.</strong></span> 
     </span>
     <span class='ocr_line' id='line_1_21' title="bbox 250 1345 1750 1405; baseline 0 -15"><span class='ocrx_word' id='word_1_168' title='bbox 250 1364 288 1405; x_wconf 93' lang='lat' dir='ltr'><strong>p.</strong></span> <span class='ocrx_word' id='word_1_169' title='bbox 313 1350 377 1392; x_wconf 86' lang='lat'><strong>70.</strong></span> <span class='ocrx_word' id='word_1_170' title='bbox 412 1348 534 1401; x_wconf 89' lang='lat' dir='ltr'><strong>gloss.</strong></span> <span class='ocrx_word' id='word_1_171' title='bbox 557 1346 682 1388; x_wconf 89' lang='lat' dir='ltr'><strong>Labb.</strong></span> <span class='ocrx_word' id='word_1_172' title='bbox 714 1361 750 1402; x_wconf 92' lang='lat' dir='ltr'><strong>p.</strong></span> <span class='ocrx_word' id='word_1_173' title='bbox 771 1347 835 1389; x_wconf 84' lang='lat'><strong>87.</strong></span> <span class='ocrx_word' id='word_1_174' title='bbox 871 1370 922 1376; x_wconf 91' lang='lat'>—</span> <span class='ocrx_word' id='word_1_175' title='bbox 954 1345 1069 1388; x_wconf 89' lang='lat' dir='ltr'><strong>Neue</strong></span> <span class='ocrx_word' id='word_1_176' title='bbox 1100 1346 1133 1398; x_wconf 92' lang='lat'><strong>1,</strong></span> <span class='ocrx_word' id='word_1_177' title='bbox 1163 1361 1200 1403; x_wconf 90' lang='lat' dir='ltr'><strong>p.</strong></span> <span class='ocrx_word' id='word_1_178' title='bbox 1222 1347 1319 1390; x_wconf 81' lang='lat'><strong>293.</strong></span> <span class='ocrx_word' id='word_1_179' title='bbox 1378 1347 1578 1390; x_wconf 87' lang='lat' dir='ltr'><strong>Similiter</strong></span> <span class='ocrx_word' id='word_1_180' title='bbox 1608 1351 1750 1390; x_wconf 85' lang='lat' dir='ltr'><strong>neutro</strong></span> 
     </span>
     <span class='ocr_line' id='line_1_22' title="bbox 247 1414 1750 1472; baseline -0.001 -12"><span class='ocrx_word' id='word_1_181' title='bbox 247 1431 391 1472; x_wconf 85' lang='lat' dir='ltr'><strong>genere</strong></span> <span class='ocrx_word' id='word_1_182' title='bbox 413 1417 648 1471; x_wconf 68' lang='lat' dir='ltr'><strong>puyz&#39;llarw</strong></span> <span class='ocrx_word' id='word_1_183' title='bbox 679 1414 783 1456; x_wconf 86' lang='lat' dir='ltr'><strong>dixit</strong></span> <span class='ocrx_word' id='word_1_184' title='bbox 812 1415 1023 1467; x_wconf 89' lang='lat' dir='ltr'>XXXXII,</span> <span class='ocrx_word' id='word_1_185' title='bbox 1060 1417 1084 1458; x_wconf 88' lang='lat'>5</span> <span class='ocrx_word' id='word_1_186' title='bbox 1116 1429 1188 1471; x_wconf 90' lang='lat' dir='ltr'><strong>pro</strong></span> <span class='ocrx_word' id='word_1_187' title='bbox 1222 1415 1376 1470; x_wconf 90' lang='lat' dir='ltr'><strong>vulgari</strong></span> <span class='ocrx_word' id='word_1_188' title='bbox 1399 1417 1632 1470; x_wconf 69' lang='lat' dir='ltr'><strong>puffllares</strong></span> <span class='ocrx_word' id='word_1_189' title='bbox 1662 1416 1750 1459; x_wconf 89' lang='lat' dir='ltr'><strong>scil.</strong></span> 
     </span>
     <span class='ocr_line' id='line_1_23' title="bbox 247 1483 1752 1539; baseline 0 -12"><span class='ocrx_word' id='word_1_190' title='bbox 247 1485 380 1528; x_wconf 91' lang='lat' dir='ltr'><strong>libelli</strong></span> <span class='ocrx_word' id='word_1_191' title='bbox 410 1500 442 1527; x_wconf 84' lang='lat' dir='ltr'><strong>s.</strong></span> <span class='ocrx_word' id='word_1_192' title='bbox 474 1484 662 1535; x_wconf 89' lang='lat' dir='ltr'><strong>codicilli,</strong></span> <span class='ocrx_word' id='word_1_193' title='bbox 692 1487 972 1539; x_wconf 82' lang='lat' dir='ltr'><strong>praeterquam</strong></span> <span class='ocrx_word' id='word_1_194' title='bbox 995 1485 1103 1538; x_wconf 91' lang='lat' dir='ltr'><strong>quod</strong></span> <span class='ocrx_word' id='word_1_195' title='bbox 1126 1484 1334 1535; x_wconf 86' lang='lat' dir='ltr'><strong>Laberius,</strong></span> <span class='ocrx_word' id='word_1_196' title='bbox 1366 1483 1548 1526; x_wconf 91' lang='lat' dir='ltr'><strong>eiusdem</strong></span> <span class='ocrx_word' id='word_1_197' title='bbox 1580 1497 1662 1538; x_wconf 87' lang='lat' dir='ltr'><strong>qua</strong></span> <span class='ocrx_word' id='word_1_198' title='bbox 1681 1485 1752 1527; x_wconf 83' lang='lat' dir='ltr'><strong>Ca-</strong></span> 
     </span>
     <span class='ocr_line' id='line_1_24' title="bbox 248 1552 1755 1607; baseline -0.001 -11"><span class='ocrx_word' id='word_1_199' title='bbox 248 1554 381 1597; x_wconf 86' lang='lat' dir='ltr'><strong>tullus</strong></span> <span class='ocrx_word' id='word_1_200' title='bbox 413 1553 520 1595; x_wconf 84' lang='lat' dir='ltr'><strong>vixit</strong></span> <span class='ocrx_word' id='word_1_201' title='bbox 549 1552 693 1594; x_wconf 88' lang='lat' dir='ltr'><strong>aetatis</strong></span> <span class='ocrx_word' id='word_1_202' title='bbox 709 1557 842 1607; x_wconf 87' lang='lat' dir='ltr'><strong>poeta,</strong></span> <span class='ocrx_word' id='word_1_203' title='bbox 874 1552 982 1607; x_wconf 91' lang='lat' dir='ltr'><strong>apud</strong></span> <span class='ocrx_word' id='word_1_204' title='bbox 997 1552 1231 1594; x_wconf 89' lang='lat' dir='ltr'><strong>Charisium</strong></span> <span class='ocrx_word' id='word_1_205' title='bbox 1247 1552 1278 1605; x_wconf 88' lang='lat' dir='ltr'><strong>l,</strong></span> <span class='ocrx_word' id='word_1_206' title='bbox 1300 1566 1337 1607; x_wconf 89' lang='lat' dir='ltr'><strong>p.</strong></span> <span class='ocrx_word' id='word_1_207' title='bbox 1353 1553 1407 1595; x_wconf 85' lang='lat'><strong>75</strong></span> <span class='ocrx_word' id='word_1_208' title='bbox 1436 1552 1481 1593; x_wconf 88' lang='lat' dir='ltr'><strong>P.</strong></span> <span class='ocrx_word' id='word_1_209' title='bbox 1504 1554 1558 1596; x_wconf 86' lang='lat'><strong>97</strong></span> <span class='ocrx_word' id='word_1_210' title='bbox 1590 1552 1683 1607; x_wconf 77' lang='lat' dir='ltr'><strong>K.1)</strong></span> <span class='ocrx_word' id='word_1_211' title='bbox 1715 1557 1755 1595; x_wconf 87' lang='lat' dir='ltr'><strong>et</strong></span> 
     </span>
     <span class='ocr_line' id='line_1_25' title="bbox 250 1620 1753 1677; baseline -0.001 -12"><span class='ocrx_word' id='word_1_212' title='bbox 250 1622 458 1665; x_wconf 87' lang='lat' dir='ltr'><strong>Ausonius</strong></span> <span class='ocrx_word' id='word_1_213' title='bbox 478 1620 612 1676; x_wconf 88' lang='lat' dir='ltr'><strong>Epigr.</strong></span> <span class='ocrx_word' id='word_1_214' title='bbox 641 1621 734 1672; x_wconf 88' lang='lat'><strong>146,</strong></span> <span class='ocrx_word' id='word_1_215' title='bbox 760 1620 786 1662; x_wconf 88' lang='lat'><strong>3</strong></span> <span class='ocrx_word' id='word_1_216' title='bbox 817 1620 1075 1675; x_wconf 86' lang='lat' dir='ltr'><strong>singulariter</strong></span> <span class='ocrx_word' id='word_1_217' title='bbox 1101 1622 1288 1674; x_wconf 62' lang='lat' dir='ltr'><strong>pugillar</strong></span> <span class='ocrx_word' id='word_1_218' title='bbox 1313 1620 1572 1677; x_wconf 89' lang='lat' dir='ltr'><strong>scripserunt.</strong></span> <span class='ocrx_word' id='word_1_219' title='bbox 1629 1621 1753 1664; x_wconf 92' lang='lat' dir='ltr'><strong>Porro</strong></span> 
     </span>
     <span class='ocr_line' id='line_1_26' title="bbox 249 1688 1754 1744; baseline -0.002 -10"><span class='ocrx_word' id='word_1_220' title='bbox 249 1690 492 1734; x_wconf 89' lang='lat' dir='ltr'><strong>vocabulum</strong></span> <span class='ocrx_word' id='word_1_221' title='bbox 525 1688 632 1744; x_wconf 88' lang='lat' dir='ltr'><strong>quod</strong></span> <span class='ocrx_word' id='word_1_222' title='bbox 665 1688 829 1731; x_wconf 87' lang='lat' dir='ltr'><strong>insolita</strong></span> <span class='ocrx_word' id='word_1_223' title='bbox 858 1703 951 1731; x_wconf 92' lang='lat' dir='ltr'><strong>cum</strong></span> <span class='ocrx_word' id='word_1_224' title='bbox 981 1689 1268 1732; x_wconf 90' lang='lat' dir='ltr'><strong>terminatione</strong></span> <span class='ocrx_word' id='word_1_225' title='bbox 1298 1688 1511 1732; x_wconf 92' lang='lat' dir='ltr'><strong>insolitum</strong></span> <span class='ocrx_word' id='word_1_226' title='bbox 1533 1689 1660 1731; x_wconf 92' lang='lat' dir='ltr'><strong>simul</strong></span> <span class='ocrx_word' id='word_1_227' title='bbox 1689 1704 1754 1744; x_wconf 88' lang='lat' dir='ltr'><strong>ge-</strong></span> 
     </span>
     <span class='ocr_line' id='line_1_27' title="bbox 250 1758 1753 1809; baseline -0.001 -7"><span class='ocrx_word' id='word_1_228' title='bbox 250 1774 329 1803; x_wconf 89' lang='lat' dir='ltr'><strong>nus</strong></span> <span class='ocrx_word' id='word_1_229' title='bbox 361 1759 506 1809; x_wconf 80' lang='lat' dir='ltr'><strong>induit,</strong></span> <span class='ocrx_word' id='word_1_230' title='bbox 540 1764 600 1800; x_wconf 90' lang='lat' dir='ltr'><strong>est</strong></span> <span class='ocrx_word' id='word_1_231' title='bbox 630 1759 774 1800; x_wconf 78' lang='lat' dir='ltr'><strong>turben</strong></span> <span class='ocrx_word' id='word_1_232' title='bbox 804 1758 973 1808; x_wconf 89' lang='lat' dir='ltr'>LXIIII,</span> <span class='ocrx_word' id='word_1_233' title='bbox 1009 1759 1088 1801; x_wconf 84' lang='lat'><strong>107</strong></span> <span class='ocrx_word' id='word_1_234' title='bbox 1133 1758 1391 1800; x_wconf 85' lang='lat' dir='ltr'><strong>‘indomitum</strong></span> <span class='ocrx_word' id='word_1_235' title='bbox 1420 1759 1567 1801; x_wconf 89' lang='lat' dir='ltr'><strong>turben</strong></span> <span class='ocrx_word' id='word_1_236' title='bbox 1598 1763 1753 1801; x_wconf 88' lang='lat' dir='ltr'><strong>contor-</strong></span> 
     </span>
     <span class='ocr_line' id='line_1_28' title="bbox 252 1826 1753 1885; baseline -0.001 -14"><span class='ocrx_word' id='word_1_237' title='bbox 252 1843 383 1885; x_wconf 90' lang='lat' dir='ltr'><strong>quens</strong></span> <span class='ocrx_word' id='word_1_238' title='bbox 413 1827 578 1870; x_wconf 89' lang='lat' dir='ltr'><strong>flamine</strong></span> <span class='ocrx_word' id='word_1_239' title='bbox 608 1828 756 1869; x_wconf 88' lang='lat' dir='ltr'><strong>robur.‘</strong></span> <span class='ocrx_word' id='word_1_240' title='bbox 815 1827 864 1868; x_wconf 93' lang='lat' dir='ltr'><strong>In</strong></span> <span class='ocrx_word' id='word_1_241' title='bbox 906 1826 970 1869; x_wconf 87' lang='lat' dir='ltr'><strong>his</strong></span> <span class='ocrx_word' id='word_1_242' title='bbox 1002 1827 1098 1869; x_wconf 91' lang='lat' dir='ltr'><strong>libri</strong></span> <span class='ocrx_word' id='word_1_243' title='bbox 1140 1841 1280 1869; x_wconf 89' lang='lat' dir='ltr'><strong>omnes</strong></span> <span class='ocrx_word' id='word_1_244' title='bbox 1316 1827 1510 1884; x_wconf 86' lang='lat' dir='ltr'><strong>praebent</strong></span> <span class='ocrx_word' id='word_1_245' title='bbox 1552 1827 1753 1880; x_wconf 91' lang='lat' dir='ltr'><strong>„indomi-</strong></span> 
     </span>
     <span class='ocr_line' id='line_1_29' title="bbox 249 1895 1754 1952; baseline -0.001 -12"><span class='ocrx_word' id='word_1_246' title='bbox 249 1904 315 1940; x_wconf 88' lang='lat' dir='ltr'><strong>tus</strong></span> <span class='ocrx_word' id='word_1_247' title='bbox 357 1899 504 1940; x_wconf 85' lang='lat' dir='ltr'><strong>turbo“</strong></span> <span class='ocrx_word' id='word_1_248' title='bbox 546 1902 704 1952; x_wconf 90' lang='lat' dir='ltr'><strong>praeter</strong></span> <span class='ocrx_word' id='word_1_249' title='bbox 744 1895 876 1938; x_wconf 91' lang='lat' dir='ltr'><strong>solum</strong></span> <span class='ocrx_word' id='word_1_250' title='bbox 912 1897 1130 1949; x_wconf 88' lang='lat' dir='ltr'><strong>Datanum,</strong></span> <span class='ocrx_word' id='word_1_251' title='bbox 1176 1896 1248 1950; x_wconf 89' lang='lat' dir='ltr'><strong>qui</strong></span> <span class='ocrx_word' id='word_1_252' title='bbox 1291 1910 1348 1951; x_wconf 91' lang='lat' dir='ltr'><strong>pr.</strong></span> <span class='ocrx_word' id='word_1_253' title='bbox 1382 1910 1437 1938; x_wconf 90' lang='lat' dir='ltr'><strong>m.</strong></span> <span class='ocrx_word' id='word_1_254' title='bbox 1494 1897 1754 1939; x_wconf 87' lang='lat' dir='ltr'><strong>‘indomitum</strong></span> 
     </span>
     <span class='ocr_line' id='line_1_30' title="bbox 253 1964 1754 2022; baseline -0.001 -12"><span class='ocrx_word' id='word_1_255' title='bbox 253 1967 387 2010; x_wconf 89' lang='lat' dir='ltr'><strong>turbo‘</strong></span> <span class='ocrx_word' id='word_1_256' title='bbox 419 1966 563 2017; x_wconf 90' lang='lat' dir='ltr'><strong>habet,</strong></span> <span class='ocrx_word' id='word_1_257' title='bbox 596 1964 703 2007; x_wconf 89' lang='lat' dir='ltr'><strong>unde</strong></span> <span class='ocrx_word' id='word_1_258' title='bbox 736 1964 979 2020; x_wconf 88' lang='lat' dir='ltr'><strong>Spengelius</strong></span> <span class='ocrx_word' id='word_1_259' title='bbox 1010 1970 1050 2007; x_wconf 90' lang='lat' dir='ltr'><strong>et</strong></span> <span class='ocrx_word' id='word_1_260' title='bbox 1078 1965 1359 2008; x_wconf 91' lang='lat' dir='ltr'><strong>Froehlichius</strong></span> <span class='ocrx_word' id='word_1_261' title='bbox 1389 1966 1541 2021; x_wconf 90' lang='lat' dir='ltr'><strong>quibus</strong></span> <span class='ocrx_word' id='word_1_262' title='bbox 1572 1965 1754 2022; x_wconf 91' lang='lat' dir='ltr'><strong>plerique</strong></span> 
     </span>
     <span class='ocr_line' id='line_1_31' title="bbox 250 2035 1752 2091; baseline 0 -14"><span class='ocrx_word' id='word_1_263' title='bbox 250 2035 406 2078; x_wconf 87' lang='lat' dir='ltr'><strong>assensi</strong></span> <span class='ocrx_word' id='word_1_264' title='bbox 425 2040 533 2085; x_wconf 90' lang='lat' dir='ltr'><strong>sunt,</strong></span> <span class='ocrx_word' id='word_1_265' title='bbox 566 2036 813 2090; x_wconf 89' lang='lat' dir='ltr'><strong>superiorem</strong></span> <span class='ocrx_word' id='word_1_266' title='bbox 835 2035 1077 2090; x_wconf 85' lang='lat' dir='ltr'><strong>scripturam</strong></span> <span class='ocrx_word' id='word_1_267' title='bbox 1099 2035 1250 2090; x_wconf 89' lang='lat' dir='ltr'><strong>optime</strong></span> <span class='ocrx_word' id='word_1_268' title='bbox 1271 2035 1485 2087; x_wconf 83' lang='lat' dir='ltr'><strong>finxerunt,</strong></span> <span class='ocrx_word' id='word_1_269' title='bbox 1517 2035 1752 2091; x_wconf 85' lang='lat' dir='ltr'><strong>praesertim</strong></span> 
     </span>
     <span class='ocr_line' id='line_1_32' title="bbox 251 2102 1754 2155; baseline 0 -8"><span class='ocrx_word' id='word_1_270' title='bbox 251 2119 342 2147; x_wconf 91' lang='lat' dir='ltr'><strong>cum</strong></span> <span class='ocrx_word' id='word_1_271' title='bbox 372 2103 541 2146; x_wconf 87' lang='lat' dir='ltr'><strong>Servius</strong></span> <span class='ocrx_word' id='word_1_272' title='bbox 571 2103 622 2145; x_wconf 88' lang='lat' dir='ltr'><strong>ad</strong></span> <span class='ocrx_word' id='word_1_273' title='bbox 652 2103 752 2146; x_wconf 90' lang='lat' dir='ltr'><strong>Aen.</strong></span> <span class='ocrx_word' id='word_1_274' title='bbox 777 2102 865 2155; x_wconf 90' lang='lat' dir='ltr'><strong>VII,</strong></span> <span class='ocrx_word' id='word_1_275' title='bbox 887 2102 970 2146; x_wconf 86' lang='lat'><strong>378</strong></span> <span class='ocrx_word' id='word_1_276' title='bbox 1002 2102 1101 2145; x_wconf 89' lang='lat' dir='ltr'><strong>haec</strong></span> <span class='ocrx_word' id='word_1_277' title='bbox 1131 2103 1300 2146; x_wconf 85' lang='lat' dir='ltr'><strong>referat:</strong></span> <span class='ocrx_word' id='word_1_278' title='bbox 1347 2103 1543 2147; x_wconf 87' lang='lat' dir='ltr'><strong>‘Catullus</strong></span> <span class='ocrx_word' id='word_1_279' title='bbox 1573 2104 1649 2147; x_wconf 92' lang='lat' dir='ltr'><strong>hoc</strong></span> <span class='ocrx_word' id='word_1_280' title='bbox 1667 2108 1754 2147; x_wconf 90' lang='lat' dir='ltr'><strong>tur-</strong></span> 
     </span>
     <span class='ocr_line' id='line_1_33' title="bbox 253 2171 1757 2227; baseline -0.001 -12"><span class='ocrx_word' id='word_1_281' title='bbox 253 2175 330 2216; x_wconf 91' lang='lat' dir='ltr'><strong>ben</strong></span> <span class='ocrx_word' id='word_1_282' title='bbox 362 2172 461 2214; x_wconf 86' lang='lat' dir='ltr'><strong>dicit</strong></span> <span class='ocrx_word' id='word_1_283' title='bbox 489 2177 536 2213; x_wconf 92' lang='lat' dir='ltr'><strong>ut</strong></span> <span class='ocrx_word' id='word_1_284' title='bbox 566 2172 643 2214; x_wconf 91' lang='lat' dir='ltr'><strong>hoc</strong></span> <span class='ocrx_word' id='word_1_285' title='bbox 672 2176 859 2213; x_wconf 87' lang='lat' dir='ltr'><strong>carmen.‘</strong></span> <span class='ocrx_word' id='word_1_286' title='bbox 920 2171 1011 2213; x_wconf 92' lang='lat' dir='ltr'><strong>Non</strong></span> <span class='ocrx_word' id='word_1_287' title='bbox 1038 2171 1233 2224; x_wconf 88' lang='lat' dir='ltr'><strong>haerebit,</strong></span> <span class='ocrx_word' id='word_1_288' title='bbox 1275 2173 1430 2227; x_wconf 88' lang='lat' dir='ltr'><strong>opinor,</strong></span> <span class='ocrx_word' id='word_1_289' title='bbox 1462 2173 1505 2214; x_wconf 92' lang='lat' dir='ltr'><strong>in</strong></span> <span class='ocrx_word' id='word_1_290' title='bbox 1527 2173 1608 2215; x_wconf 90' lang='lat' dir='ltr'><strong>ista</strong></span> <span class='ocrx_word' id='word_1_291' title='bbox 1627 2173 1757 2215; x_wconf 85' lang='lat' dir='ltr'><strong>forma</strong></span> 
     </span>
     <span class='ocr_line' id='line_1_34' title="bbox 251 2240 1756 2296; baseline 0 -13"><span class='ocrx_word' id='word_1_292' title='bbox 251 2241 387 2283; x_wconf 90' lang='lat' dir='ltr'><strong>minus</strong></span> <span class='ocrx_word' id='word_1_293' title='bbox 418 2240 568 2282; x_wconf 88' lang='lat' dir='ltr'><strong>usitata</strong></span> <span class='ocrx_word' id='word_1_294' title='bbox 598 2254 721 2294; x_wconf 84' lang='lat' dir='ltr'><strong>quam</strong></span> <span class='ocrx_word' id='word_1_295' title='bbox 749 2245 884 2282; x_wconf 88' lang='lat' dir='ltr'><strong>tamen</strong></span> <span class='ocrx_word' id='word_1_296' title='bbox 914 2240 979 2283; x_wconf 88' lang='lat' dir='ltr'><strong>vel</strong></span> <span class='ocrx_word' id='word_1_297' title='bbox 1010 2240 1217 2282; x_wconf 88' lang='lat' dir='ltr'><strong>Charisius</strong></span> <span class='ocrx_word' id='word_1_298' title='bbox 1248 2241 1280 2282; x_wconf 97' lang='grc' dir='ltr'><strong>Ι.</strong></span> <span class='ocrx_word' id='word_1_299' title='bbox 1313 2255 1351 2296; x_wconf 91' lang='lat' dir='ltr'><strong>p.</strong></span> <span class='ocrx_word' id='word_1_300' title='bbox 1374 2242 1429 2284; x_wconf 87' lang='lat'><strong>48</strong></span> <span class='ocrx_word' id='word_1_301' title='bbox 1460 2241 1503 2283; x_wconf 90' lang='lat' dir='ltr'><strong>in</strong></span> <span class='ocrx_word' id='word_1_302' title='bbox 1533 2241 1756 2296; x_wconf 84' lang='lat' dir='ltr'><strong>exemplari</strong></span> 
     </span>
     <span class='ocr_line' id='line_1_35' title="bbox 251 2307 1758 2363; baseline 0.001 -12"><span class='ocrx_word' id='word_1_303' title='bbox 251 2322 325 2352; x_wconf 88' lang='lat' dir='ltr'><strong>suo</strong></span> <span class='ocrx_word' id='word_1_304' title='bbox 356 2307 512 2349; x_wconf 92' lang='lat' dir='ltr'><strong>Tibulli</strong></span> <span class='ocrx_word' id='word_1_305' title='bbox 543 2308 576 2358; x_wconf 88' lang='lat' dir='ltr'><strong>I,</strong></span> <span class='ocrx_word' id='word_1_306' title='bbox 608 2311 647 2359; x_wconf 80' lang='lat'><strong>5,</strong></span> <span class='ocrx_word' id='word_1_307' title='bbox 679 2308 705 2350; x_wconf 88' lang='lat'><strong>3</strong></span> <span class='ocrx_word' id='word_1_308' title='bbox 735 2308 883 2363; x_wconf 88' lang='lat' dir='ltr'><strong>legisse</strong></span> <span class='ocrx_word' id='word_1_309' title='bbox 915 2308 1090 2360; x_wconf 90' lang='lat' dir='ltr'><strong>videtur,</strong></span> <span class='ocrx_word' id='word_1_310' title='bbox 1121 2308 1190 2362; x_wconf 91' lang='lat' dir='ltr'><strong>qui</strong></span> <span class='ocrx_word' id='word_1_311' title='bbox 1220 2308 1318 2351; x_wconf 90' lang='lat' dir='ltr'><strong>haec</strong></span> <span class='ocrx_word' id='word_1_312' title='bbox 1347 2309 1563 2352; x_wconf 83' lang='lat' dir='ltr'><strong>contulerit</strong></span> <span class='ocrx_word' id='word_1_313' title='bbox 1592 2309 1758 2352; x_wconf 83' lang='lat' dir='ltr'><strong>nomina</strong></span> 
     </span>
     <span class='ocr_line' id='line_1_36' title="bbox 253 2378 1755 2435; baseline 0 -14"><span class='ocrx_word' id='word_1_314' title='bbox 253 2382 440 2421; x_wconf 90' lang='lat' dir='ltr'><strong>veterum</strong></span> <span class='ocrx_word' id='word_1_315' title='bbox 481 2391 557 2418; x_wconf 86' lang='lat' dir='ltr'><strong>usu</strong></span> <span class='ocrx_word' id='word_1_316' title='bbox 594 2378 693 2419; x_wconf 89' lang='lat' dir='ltr'><strong>satis</strong></span> <span class='ocrx_word' id='word_1_317' title='bbox 730 2378 814 2420; x_wconf 86' lang='lat' dir='ltr'><strong>lato</strong></span> <span class='ocrx_word' id='word_1_318' title='bbox 851 2378 1104 2434; x_wconf 88' lang='lat' dir='ltr'><strong>pervulgata:</strong></span> <span class='ocrx_word' id='word_1_319' title='bbox 1148 2378 1312 2432; x_wconf 90' lang='lat' dir='ltr'><strong>sanguis</strong></span> <span class='ocrx_word' id='word_1_320' title='bbox 1351 2382 1392 2420; x_wconf 87' lang='lat' dir='ltr'><strong>et</strong></span> <span class='ocrx_word' id='word_1_321' title='bbox 1429 2391 1610 2432; x_wconf 88' lang='lat' dir='ltr'><strong>sanguen</strong></span> <span class='ocrx_word' id='word_1_322' title='bbox 1647 2378 1755 2435; x_wconf 90' lang='lat' dir='ltr'><strong>apud</strong></span> 
     </span>
     <span class='ocr_line' id='line_1_37' title="bbox 250 2445 1757 2504; baseline 0.001 -14"><span class='ocrx_word' id='word_1_323' title='bbox 250 2446 428 2490; x_wconf 90' lang='lat' dir='ltr'><strong>Ennium</strong></span> <span class='ocrx_word' id='word_1_324' title='bbox 456 2445 618 2489; x_wconf 72' lang='lat' dir='ltr'><strong>Attium</strong></span> <span class='ocrx_word' id='word_1_325' title='bbox 649 2447 895 2499; x_wconf 90' lang='lat' dir='ltr'><strong>Lucretium,</strong></span> <span class='ocrx_word' id='word_1_326' title='bbox 926 2446 1045 2504; x_wconf 91' lang='lat' dir='ltr'><strong>pollis</strong></span> <span class='ocrx_word' id='word_1_327' title='bbox 1076 2450 1116 2488; x_wconf 92' lang='lat' dir='ltr'><strong>et</strong></span> <span class='ocrx_word' id='word_1_328' title='bbox 1144 2446 1282 2503; x_wconf 91' lang='lat' dir='ltr'><strong>pollen</strong></span> <span class='ocrx_word' id='word_1_329' title='bbox 1313 2446 1418 2502; x_wconf 88' lang='lat' dir='ltr'><strong>aqud</strong></span> <span class='ocrx_word' id='word_1_330' title='bbox 1449 2447 1549 2490; x_wconf 91' lang='lat' dir='ltr'><strong>alios</strong></span> <span class='ocrx_word' id='word_1_331' title='bbox 1581 2451 1622 2490; x_wconf 89' lang='lat' dir='ltr'><strong>et</strong></span> <span class='ocrx_word' id='word_1_332' title='bbox 1651 2461 1757 2491; x_wconf 87' lang='lat' dir='ltr'><strong>mas-</strong></span> 
     </span>
     <span class='ocr_line' id='line_1_38' title="bbox 252 2516 1756 2573; baseline 0.001 -14"><span class='ocrx_word' id='word_1_333' title='bbox 252 2517 390 2559; x_wconf 90' lang='lat' dir='ltr'><strong>culino</strong></span> <span class='ocrx_word' id='word_1_334' title='bbox 421 2519 461 2556; x_wconf 91' lang='lat' dir='ltr'><strong>et</strong></span> <span class='ocrx_word' id='word_1_335' title='bbox 491 2521 631 2558; x_wconf 91' lang='lat' dir='ltr'><strong>neutro</strong></span> <span class='ocrx_word' id='word_1_336' title='bbox 661 2531 805 2570; x_wconf 87' lang='lat' dir='ltr'><strong>genere</strong></span> <span class='ocrx_word' id='word_1_337' title='bbox 835 2517 977 2558; x_wconf 85' lang='lat' dir='ltr'><strong>affecta</strong></span> <span class='ocrx_word' id='word_1_338' title='bbox 1006 2518 1054 2559; x_wconf 86' lang='lat' dir='ltr'><strong>cf.</strong></span> <span class='ocrx_word' id='word_1_339' title='bbox 1077 2516 1190 2558; x_wconf 92' lang='lat' dir='ltr'><strong>Neue</strong></span> <span class='ocrx_word' id='word_1_340' title='bbox 1212 2516 1243 2558; x_wconf 90' lang='lat' dir='ltr'><strong>I.</strong></span> <span class='ocrx_word' id='word_1_341' title='bbox 1275 2531 1313 2572; x_wconf 92' lang='lat' dir='ltr'><strong>p.</strong></span> <span class='ocrx_word' id='word_1_342' title='bbox 1340 2517 1432 2559; x_wconf 86' lang='lat'><strong>153.</strong></span> <span class='ocrx_word' id='word_1_343' title='bbox 1456 2516 1551 2560; x_wconf 85' lang='lat'><strong>514.</strong></span> <span class='ocrx_word' id='word_1_344' title='bbox 1601 2517 1756 2573; x_wconf 82' lang='lat' dir='ltr'><strong>Reisig.</strong></span> 
     </span>
    </p>
   </div>
   <div class='ocr_carea' id='block_1_6' title="bbox 347 2689 1760 2734">
    <p class='ocr_par' dir='ltr' id='par_1_6' title="bbox 347 2689 1760 2734">
     <span class='ocr_line' id='line_1_39' title="bbox 347 2689 1760 2734; baseline 0 -10"><span class='ocrx_word' id='word_1_345' title='bbox 347 2689 382 2733; x_wconf 95' lang='lat' dir='ltr'><strong>l)</strong></span> <span class='ocrx_word' id='word_1_346' title='bbox 404 2690 517 2724; x_wconf 89' lang='lat' dir='ltr'><strong>Huius</strong></span> <span class='ocrx_word' id='word_1_347' title='bbox 542 2690 653 2724; x_wconf 90' lang='lat' dir='ltr'><strong>locum</strong></span> <span class='ocrx_word' id='word_1_348' title='bbox 678 2691 737 2734; x_wconf 88' lang='lat' dir='ltr'><strong>qui</strong></span> <span class='ocrx_word' id='word_1_349' title='bbox 761 2690 804 2724; x_wconf 88' lang='lat' dir='ltr'><strong>ad</strong></span> <span class='ocrx_word' id='word_1_350' title='bbox 821 2689 993 2724; x_wconf 85' lang='lat' dir='ltr'><strong>Catullum</strong></span> <span class='ocrx_word' id='word_1_351' title='bbox 1017 2699 1151 2733; x_wconf 90' lang='lat' dir='ltr'><strong>quoque</strong></span> <span class='ocrx_word' id='word_1_352' title='bbox 1175 2692 1317 2733; x_wconf 83' lang='lat' dir='ltr'><strong>spectat,</strong></span> <span class='ocrx_word' id='word_1_353' title='bbox 1341 2690 1543 2734; x_wconf 84' lang='lat' dir='ltr'><strong>pulcerrime</strong></span> <span class='ocrx_word' id='word_1_354' title='bbox 1567 2689 1760 2724; x_wconf 79' lang='lat' dir='ltr'><strong>emendavit</strong></span> 
     </span>
    </p>
   </div>
   <div class='ocr_carea' id='block_1_7' title="bbox 252 2745 1758 2849">
    <p class='ocr_par' dir='ltr' id='par_1_7' title="bbox 252 2745 1758 2849">
     <span class='ocr_line' id='line_1_40' title="bbox 252 2745 1758 2792; baseline -0.001 -10"><span class='ocrx_word' id='word_1_355' title='bbox 252 2748 424 2792; x_wconf 79' lang='lat' dir='ltr'><strong>Hauptius</strong></span> <span class='ocrx_word' id='word_1_356' title='bbox 449 2747 520 2782; x_wconf 89' lang='lat' dir='ltr'><strong>ind.</strong></span> <span class='ocrx_word' id='word_1_357' title='bbox 544 2747 621 2782; x_wconf 85' lang='lat' dir='ltr'><strong>lect.</strong></span> <span class='ocrx_word' id='word_1_358' title='bbox 646 2747 756 2782; x_wconf 89' lang='lat' dir='ltr'><strong>Berol.</strong></span> <span class='ocrx_word' id='word_1_359' title='bbox 782 2747 898 2781; x_wconf 83' lang='lat' dir='ltr'><strong>aestiv.</strong></span> <span class='ocrx_word' id='word_1_360' title='bbox 927 2746 1014 2782; x_wconf 86' lang='lat'>1855</span> <span class='ocrx_word' id='word_1_361' title='bbox 1039 2758 1070 2791; x_wconf 95' lang='lat' dir='ltr'><strong>p.</strong></span> <span class='ocrx_word' id='word_1_362' title='bbox 1089 2747 1110 2781; x_wconf 87' lang='lat'>4</span> <span class='ocrx_word' id='word_1_363' title='bbox 1135 2747 1176 2782; x_wconf 85' lang='lat' dir='ltr'><strong>cf.</strong></span> <span class='ocrx_word' id='word_1_364' title='bbox 1195 2747 1298 2781; x_wconf 84' lang='lat' dir='ltr'><strong>etiam</strong></span> <span class='ocrx_word' id='word_1_365' title='bbox 1315 2746 1482 2782; x_wconf 81' lang='lat' dir='ltr'><strong>Schwabii</strong></span> <span class='ocrx_word' id='word_1_366' title='bbox 1493 2746 1633 2789; x_wconf 82' lang='lat' dir='ltr'><strong>Quaest.</strong></span> <span class='ocrx_word' id='word_1_367' title='bbox 1647 2745 1719 2782; x_wconf 81' lang='lat' dir='ltr'><strong>Cat.</strong></span> <span class='ocrx_word' id='word_1_368' title='bbox 1732 2746 1758 2782; x_wconf 88' lang='lat'><strong>1.</strong></span> 
     </span>
     <span class='ocr_line' id='line_1_41' title="bbox 253 2804 1738 2849; baseline -0.001 -10"><span class='ocrx_word' id='word_1_369' title='bbox 253 2815 287 2849; x_wconf 88' lang='lat' dir='ltr'><strong>p.</strong></span> <span class='ocrx_word' id='word_1_370' title='bbox 307 2804 352 2840; x_wconf 85' lang='lat'><strong>24</strong></span> <span class='ocrx_word' id='word_1_371' title='bbox 369 2815 419 2849; x_wconf 89' lang='lat' dir='ltr'><strong>sq.</strong></span> <span class='ocrx_word' id='word_1_372' title='bbox 1729 2812 1738 2817; x_wconf 88' lang='grc'>’</span> 
     </span>
    </p>
   </div>
   <div class='ocr_carea' id='block_1_8' title="bbox 1158 2951 1923 3104">
    <p class='ocr_par' dir='ltr' id='par_1_8' title="bbox 1158 2951 1923 3104">
     <span class='ocr_line' id='line_1_42' title="bbox 1158 2951 1923 3104; baseline 0 0"><span class='ocrx_word' id='word_1_373' title='bbox 1158 2951 1923 3104; x_wconf 95' lang='lat' dir='ltr'><strong> </strong></span> 
     </span>
    </p>
   </div>
  </div>
 </body>
</html>
