1923 3104
961 101 1018 156 60

233 230 328 269 ante
358 226 544 269 voculam
575 231 638 269 est
668 226 799 279 XXII,
832 228 870 270 2.
912 227 1077 279 LXVII,
1099 228 1166 269 47.
1200 227 1424 280 LXXVIII,
1456 229 1495 270 3.
1519 231 1556 272 5.
1598 231 1745 280 Quam·

234 307 356 348 quam
388 295 452 336 his
481 294 581 336 locis
618 294 799 338 dubitari
839 300 973 352 potest
1001 310 1102 338 num
1133 296 1316 339 Catullus
1347 297 1508 339 vocales
1539 298 1747 354 contiguas
1795 311 1799 317 ·

234 363 340 405 inter
370 377 414 406 se
444 364 699 421 copulaverit
728 379 780 406 an
810 370 866 407 est
895 364 960 406 sui
980 370 1093 420 parte
1113 366 1374 416 truncaverit,
1407 379 1490 420 qua
1509 365 1559 408 de
1580 380 1624 408 re
1645 366 1749 408 infra

233 446 399 487 agemus
419 432 673 489 explicatius.
693 459 745 464 ----
761 433 963 476 Similiter
979 433 1147 476 fluctuat
1163 435 1205 476 in
1226 448 1421 477 mensura
1439 433 1622 478 adverbii
1633 437 1745 476 modo
1808 469 1810 471 ,
1877 450 1879 452 ’

234 514 327 542 cum
368 502 456 543 eius
499 502 754 558 compositis,
800 503 856 544 ita
899 502 1066 557 quidem
1104 508 1150 545 ut
1187 516 1268 545 non
1308 503 1471 559 saepius
1505 503 1747 560 correptioni

236 584 358 625 quam
402 571 660 628 productioni
703 572 836 615 locum
885 572 1085 616 tribuerit.
1157 571 1227 614 Sic
1269 573 1549 629 pyrrhichiace
1597 573 1747 628 scripta
1785 612 1788 616 ,

234 644 374 681 extant
401 640 523 682 modo
554 641 588 692 1,
620 642 657 683 2.
691 641 743 694 x,
775 641 842 684 28.
874 641 986 693 xxi,
1009 642 1049 692 2,-
1077 641 1254 693 xxnn,
1285 643 1324 684 2.
1356 642 1462 695 LVI,
1487 644 1524 684 5.
1556 641 1747 694 Lxxin,

235 710 271 751 6.
320 709 534 764 postmodo
577 710 714 762 XXX,
750 710 812 752 12.
858 710 1030 754 iambice
1067 710 1176 753 idem
1211 710 1331 753 modo
1378 711 1460 764 ΙΙΙ,
1501 715 1540 754 9.
1587 710 1675 762 XV,
1708 713 1744 752 7.
1799 714 1803 752 i

237 777 381 828 XXII,
418 780 481 821 12.
528 779 572 830 L,
603 780 643 822 5.
688 779 809 829 LIII,
846 783 880 821 1.
928 779 1249 829 LXXXXVIIII,
1288 780 1348 821 12.
1394 780 1592 834 quomodo
1624 781 1675 832 X,
1708 781 1746 823 7.

236 846 448 889 Lucretius
478 847 582 890 hanc
611 847 857 904 particulam
889 848 998 904 quod
1027 847 1289 890 memorabile
1320 852 1382 890 est
1401 838 1631 891 constanter
1653 855 1748 891 iam-

239 915 325 957 bice
355 916 528 971 protulit
557 916 625 971 (cf.
650 917 809 959 Kuehn.
829 932 866 973 p.
891 918 978 973 37).
1041 917 1275 958 Ceterorum
1307 930 1427 958 usum
1457 918 1657 973 exemplis
1678 917 1747 960 ad·

238 985 444 1027 umbravit
475 985 589 1028 Neue
620 986 659 1027 ΙΙ
690 985 1006 1042 p.518.—His
1037 985 1231 1028 accedunt
1260 986 1475 1028 verborum
1505 987 1659 1029 formae
1690 986 1748 1028 di-

237 1053 423 1108 syllabae
455 1055 572 1097 brcvi
602 1055 854 1111 paenultima
885 1068 986 1110 quas
1017 1053 1082 1096 vel
1114 1053 1204 1095 ideo
1235 1059 1392 1109 praeter
1422 1055 1625 1097 scaenicos
1654 1068 1747 1111 poe-

239 1127 300 1163 tas
332 1122 494 1166 Catullo
540 1124 658 1166 licuit
704 1139 776 1180 pro
819 1124 1070 1180 pyrrhichiis
1114 1137 1323 1178 usurpare.
1384 1124 1445 1165 Ita
1487 1124 1611 1165 semel
1642 1124 1747 1166 dixit

236 1192 335 1231 dabo
367 1191 481 1243 XIII,
519 1194 582 1244 11,
616 1192 687 1235 sed
717 1193 856 1249 paullo
887 1192 1135 1247 frequentius
1167 1193 1253 1233 volo
1287 1192 1354 1243 VI,
1390 1193 1453 1234 16.
1487 1191 1618 1243 XVII,
1651 1194 1675 1235 8
1708 1197 1749 1235 et

236 1262 302 1303 23.
344 1260 514 1313 XXXV,
546 1263 583 1303 5.
630 1262 736 1313 LXI,
768 1263 866 1305 216.
929 1263 1115 1304 Ceterum
1158 1260 1331 1316 paucula
1366 1261 1464 1302 haec
1510 1265 1549 1302 et
1594 1262 1750 1303 similia

237 1343 341 1383 quae
371 1330 526 1385 passim
558 1331 665 1387 apud
699 1331 801 1372 alios
823 1331 910 1372 cius
932 1331 1079 1372 aetatis
1102 1330 1323 1385 dactylicos
1344 1330 1627 1382 inveniuntur,
1659 1344 1749 1383 cum

237 1398 337 1439 satis
370 1405 619 1453 argumento·
639 1400 724 1442 sint
754 1400 987 1442 cautissime
1010 1399 1252 1441 vetustiores
1274 1399 1368 1441 illos
1398 1404 1537 1454 poetas
1569 1404 1749 1441 versatos

236 1481 326 1509 esse
356 1468 397 1508 iu
429 1467 666 1511 breviandis
684 1468 921 1511 nominibus
943 1468 1139 1518 iambicis,
1164 1467 1358 1523 proximis
1377 1467 1470 1509 inde
1492 1470 1544 1510 ab
1564 1468 1748 1523 Augusto

236 1538 488 1592 temporibus
520 1551 601 1579 non
633 1537 767 1579 solum
810 1537 908 1579 haec
937 1537 1071 1591 iisque
1102 1542 1269 1591 cognata
1300 1537 1370 1579 sed
1402 1537 1523 1579 etiam
1556 1537 1747 1592 hyperdi—

237 1605 402 1659 syllaba
431 1605 675 1661 corripiendi
719 1606 800 1648 late
832 1605 1034 1647 succrevit
1065 1605 1232 1647 licentia
1261 1610 1364 1647 teste
1396 1605 1438 1649 L.
1470 1605 1668 1647 Muellero
1699 1604 1749 1646 de

235 1690 277 1717 re
307 1680 427 1719 metr.
459 1690 498 1732 p.
522 1677 604 1719 337
628 1690 687 1730 sq.
732 1675 882 1717 Verum
914 1689 964 1717 ex
994 1674 1060 1717 his
1090 1689 1218 1716 unum
1249 1675 1383 1717 afferri
1414 1679 1548 1731 potest
1580 1676 1748 1717 verbum

239 1750 369 1786 nescio
401 1747 676 1801 compositum
717 1745 801 1787 iam
838 1744 1017 1799 antiquis
1052 1744 1182 1800 poetis
1221 1745 1525 1801 comprobatum
1559 1757 1750 1804 mensura

239 1813 439 1868 dactylica
479 1814 528 1856 cf.
562 1814 734 1858 Ritschl.
768 1814 891 1857 Proll.
925 1813 1038 1855 Trin.
1070 1829 1109 1869 p.
1134 1813 1327 1857 CLXVII.
1388 1814 1473 1855 Nec
1509 1813 1684 1856 recessit
1725 1827 1750 1854 a

236 1883 397 1937 vulgari
444 1884 735 1925 consuetudine
781 1883 969 1926 Catullus
1014 1888 1060 1924 ut
1104 1882 1284 1924 indicant
1328 1882 1404 1924 loci
1442 1883 1501 1934 II,
1533 1883 1571 1924 6.
1606 1882 1673 1932 VI,
1704 1882 1745 1923 4.
1809 1876 1811 1878 ¹

237 1951 350 2003 LIII,
372 1954 405 1994 1.
432 1951 596 2003 LXXX,
619 1953 654 1994 5.
688 1952 888 2003 LXXXV,
911 1954 950 1995 2.
960 1953 991 2008 ¹)

354 2019 514 2069 Quibus
545 2020 749 2076 expeditis
779 2025 905 2062 restat
934 2020 1213 2075 quaerendum

545 2123 585 2159 2.
616 2124 672 2159 De
696 2123 874 2159 brevium
899 2123 1142 2168 syllabarum
1166 2122 1440 2168 productione.

357 2193 444 2243 Quo
474 2193 516 2234 in
542 2206 692 2248 genere
713 2192 857 2236 licebit
886 2192 1004 2235 nobis
1033 2192 1185 2235 maiore
1204 2206 1311 2234 nunc
1333 2191 1534 2235 brevitate
1557 2190 1629 2240 uti,
1659 2205 1773 2232 cum.

240 2261 434 2316 pauciora
471 2266 613 2303 extent
655 2275 757 2315 quae
789 2262 977 2303 Catullus
1017 2267 1177 2302 tantum
1216 2275 1297 2302 non
1340 2260 1535 2315 singulari
1575 2260 1750 2314 quadam
1816 2261 1820 2265 ’

238 2329 395 2371 ratione
425 2329 505 2374 sibi
537 2330 751 2372 concessit.
793 2331 901 2372 Ante
927 2330 1063 2372 omnia
1084 2343 1181 2371 vero
1204 2329 1283 2371 huc
1303 2329 1511 2385 pertinent
1531 2330 1752 2370 verborum

238 2399 396 2439 formae
426 2399 742 2440 consonantibus
772 2399 908 2440 finitae
940 2411 1042 2452 quas
1074 2398 1205 2453 prisco
1227 2403 1407 2453 tempore
1429 2402 1586 2439 constat
1605 2410 1752 2452 magna

237 2481 285 2508 ex
320 2473 436 2523 parte
467 2480 547 2523 pro,
570 2467 702 2521 longis
732 2471 950 2523 usurpatas
980 2481 1079 2508 esse.
1140 2469 1276 2521 Atque
1314 2465 1477 2508 easdem
1515 2465 1623 2521 apud
1654 2465 1753 2508 clas-

238 2536 343 2578 sicos
373 2541 515 2591 poetas
547 2535 791 2590 plerumque
822 2535 863 2576 in
894 2535 1159 2591 correptionis
1181 2535 1448 2577 constantiam
1468 2534 1619 2576 abiisse
1640 2549 1753 2590 prae-

239 2605 358 2660 cipue
388 2618 462 2646 nos
494 2604 611 2646 docet
643 2604 907 2646 Lucretianus
938 2618 1056 2653 usus,
1097 2603 1137 2644 in
1170 2603 1287 2645 cuius
1318 2603 1496 2644 carmine
1527 2602 1632 2643 nihil
1665 2603 1752 2655 eius

238 2674 351 2715 modi
381 2673 581 2714 libertatis
613 2678 720 2714 certe
751 2672 970 2727 reperitur:
1016 2686 1109 2713 nam
1155 2686 1284 2713 unum
1327 2672 1432 2725 quod
1473 2671 1754 2713 consuetudini

239 2743 328 2784 eius
358 2740 565 2783 adversari
596 2739 760 2783 videtur
781 2740 1010 2797 exemplum
1025 2741 1169 2794 fulyet
1189 2739 1240 2791 ll,
1264 2741 1315 2782 27
1338 2739 1526 2796 pluribus
1549 2737 1599 2781 de
1620 2739 1752 2781 causis

333 2858 367 2901 1)
390 2859 477 2893 Vide
502 2859 605 2893 etiam
630 2858 771 2902 Hauptii
795 2859 927 2892 observ.
955 2859 1028 2892 crit.
1054 2868 1086 2901 p.
1110 2858 1160 2892 18.
