1923 3104
923 87 974 130 21

280 216 293 271 J
318 263 322 267 ‚
378 215 560 273 plerique
589 212 745 257 Catulli
776 213 1017 269 interpretes
1047 213 1287 256 recentiores
1315 214 1557 269 adstipulati
1588 219 1701 266 sunt3

276 277 395 331 *loco
427 274 597 328 sormam
619 281 765 338 pelaye
792 280 911 324 unice
949 296 1083 323 veram
1115 286 1258 338 poetae
1288 282 1579 325 restituendam
1611 298 1701 325 esse

198 353 373 399 wedam.
405 354 528 396 Plane
550 351 694 394 eodem
715 349 872 391 scilicet
893 350 1011 391 modo
1030 350 1239 392 Lucretius
1260 351 1385 392 etiam
1398 352 1563 407 scripsit
1578 352 1628 403 V,
1645 352 1700 393 35

198 414 420 483 pelagoque
459 434 600 466 severa
635 423 675 461 et
703 417 782 470 VI,
823 419 906 460 619
944 424 987 461 at
1024 419 1164 476 pelage
1194 419 1326 461 multa
1355 425 1427 462 etc.
1457 447 1514 452 —
1544 420 1700 478 Deinde

197 486 254 535 ἤι’
291 492 429 536 verbis
478 488 603 547 patrii
653 486 873 538 sermonis,
933 501 1036 542 quac
1087 489 1229 530 tertiae
1277 488 1561 531 declinationis
1604 494 1700 531 sunt

199 558 610 606 animadvertendum
640 559 702 599 est
721 555 926 599 Catullum
959 557 1020 598 bis
1040 557 1269 612 antiquiore
1290 558 1533 600 nominativi
1554 559 1698 600 suffixo

198 634 249 673 is‘
265 629 485 689 protulisse
505 626 616 684 paris
636 625 766 677 LVII,
796 626 822 667 3
851 625 933 666 nisi
963 625 1065 667 forte
1096 632 1142 668 ut
1171 627 1348 669 editores
1378 627 1567 668 videntur
1595 628 1699 669 iudi-

136 732 140 746 ,-
154 705 301 752 care,
342 696 602 741 statuendum
651 698 712 737 est
752 698 778 736 e·
807 694 987 736 litteram
1032 709 1082 737 ex
1134 696 1325 751 sequentiv
1367 710 1464 738 voce
1506 699 1699 751 utrisque

172 755 458 817 >librariorum
493 763 749 819 neglegentia
788 763 1018 819 irrepsisse3
1057 770 1197 805 contra
1228 765 1382 806 nullam
1416 764 1540 806 habet
1569 765 1700 820 suspi-

195 834 352 885 cionem
381 832 606 888 linquentis
629 831 799 884 LX1111,
821 832 903 874 276
934 832 984 874 cf.
1016 831 1139 874 etiam
1162 833 1322 875 Lachm.
1345 833 1396 875 ad
1420 833 1535 875 Lucr.
1567 848 1606 889 p.
1630 834 1697 875 56.

196 905 383 947 Ceterum
403 903 503 945 haec
521 900 752 943 terminatio
769 914 791 942 e
810 900 986 956 genuina
1004 905 1064 942 eis
1084 907 1171 943 orta
1191 906 1230 943 et
1250 916 1322 958 per
1342 902 1533 957 temporis
1556 902 1697 962 decur-

195 987 287 1017 sum
301 973 344 1015 in
365 988 403 1015 ee
416 975 575 1014 mutata
583 970 720 1029 *denuo
742 974 782 1012 et
797 970 927 1011 multo
945 970 1110 1025 quidem
1125 971 1375 1026 frequentius
1391 972 1508 1013 nobis
1525 971 1699 1014 occurrit

194 1042 238 1084 in
256 1031 486 1084 accusativo
504 1053 583 1094 quo
600 1038 689 1081 loco
709 1038 893 1094 pluribus
910 1052 958 1079 ea
970 1038 1018 1079 de
1037 1053 1077 1080 re
1090 1039 1403 1095 disputabimus,
1436 1040 1523 1081 Iam
1540 1040 1634 1087 hinc
1647 1040 1697 1081 ad

310 1112 361 1165 6„
382 1107 625 1151 Genetivum
655 1107 830 1163 pluralis
861 1112 905 1149 ut
934 1107 1161 1158 veniamus,
1191 1108 1298 1150 inter
1329 1122 1469 1150 omnes
1496 1123 1567 1165 pro
1588 1114 1699 1151 certo

195 1183 258 1221 est
300 1178 409 1221 huno
450 1189 587 1219 casum
617 1175 833 1218 nominum
869 1190 1006 1218 eorum
1041 1190 1145 1231 quae
1175 1191 1265 1218 cum
1299 1177 1514 1232 bisyllabis
1543 1178 1629 1218 cola
1659 1182 1699 1219 et

68 1293 79 1300 μ,
190 1261 293 1302 yena
324 1250 422 1289 sunt
451 1245 695 1302 composita,
726 1245 767 1286 in
799 1260 869 1287 um
900 1251 1146 1287 contractum
1178 1260 1202 1286 a
1232 1247 1361 1301 poetis
1387 1246 1538 1287 Latinis
1568 1251 1697 1288 metro

73 1303 81 1311 ³
110 1320 113 1323 ’
174 1315 362 1358 *concedi
393 1328 525 1370 neque
556 1314 755 1370 discrepat
784 1328 808 1355 a
837 1314 1043 1356 communi
1074 1329 1150 1356 usu
1183 1315 1389 1366 Catullus,
1435 1314 1542 1371 apud
1578 1328 1697 1370 quem

199 1398 251 1428 ex
280 1385 357 1439 hoc
385 1397 530 1438 genere
561 1383 752 1437 leguntur
780 1382 1055 1437 Troiugenum
1073 1383 1245 1434 LXIIII,
1278 1384 1360 1425 355
1391 1390 1432 1425 et
1461 1384 1696 1425 caelicolum

195 1452 418 1503 LXVIIIb,
472 1452 559 1495 138.
611 1459 653 1494 at
693 1452 900 1507 singulare
948 1452 1149 1506 quoddam
1200 1453 1432 1509 exemplum
1483 1458 1544 1495 est
1592 1467 1697 1508 eym-

195 1521 333 1564 balum
362 1519 516 1572 LXIII,
547 1524 615 1565 21.
665 1521 880 1563 Praeterea
909 1521 1073 1563 omissis
1104 1521 1162 1563 eis
1194 1522 1361 1563 vocibus
1392 1536 1560 1576 quarum
1581 1536 1696 1577 gene-

146 1636 147 1639 ,
192 1590 306 1633 tivus
334 1590 456 1645 vulgo
489 1589 735 1645 corripiendi
764 1589 853 1631 iure
872 1590 1022 1631 fruitur
1041 1596 1085 1630 ut
1107 1590 1218 1640 deus,
1241 1590 1373 1639 divus,
1405 1591 1468 1631 vir
1489 1590 1584 1640 alia,
1616 1604 1697 1631 non

190 1659 373 1702 alienum
392 1658 557 1701 videtur
575 1672 887 1701 commemorare
900 1658 943 1699 in
957 1658 1172 1700 adiectivis
1193 1664 1233 1700 et
1253 1658 1381 1712 magis
1398 1659 1517 1701 etiam
1541 1659 1585 1700 in
1607 1673 1695 1715 par-

50 1769 52 1771 .
139 1715 154 1729 ⁸
196 1727 353 1785 ticipiis
397 1740 528 1783 praes.
557 1731 631 1769 act.
661 1731 797 1782 poetas
839 1726 946 1767 haud
990 1741 1079 1768 raro
1120 1727 1182 1768 uti
1213 1727 1495 1769 terminatione
1525 1742 1596 1770 um
1623 1742 1695 1784 pro

136 1839 138 1841 .
192 1799 281 1841 iwm
300 1810 374 1853 per
395 1810 572 1852 sycopen
592 1796 752 1837 litterae
772 1799 791 1836 z·
811 1795 961 1837 effecta.
993 1795 1138 1845 Qualia
1162 1803 1257 1837 sunt
1278 1796 1498 1838 caelestum
1522 1797 1693 1848 LXIIII,

178 1867 274 1922 [191
307 1870 349 1909 et
380 1865 475 1908 204.
525 1865 806 1906 Veronensum
835 1864 879 1915 C,
911 1867 935 1906 2
967 1865 1037 1907 ubi
1068 1864 1212 1907 Nobbe
1242 1864 1291 1906 de
1312 1865 1453 1906 metris
1475 1865 1629 1907 Catulli
1651 1866 1693 1906 II

143 1964 145 1967 -
169 1943 231 1991 Ἀρ.
256 1933 309 1975 19
331 1933 628 1990 Veronensium
651 1934 794 1988 probat
811 1933 901 1988 (sed
925 1934 972 1974 cf.
991 1933 1193 1975 Schwabii
1208 1935 1367 1984 Quaest.
1388 1934 1472 1974 Cat.
1491 1934 1508 1974 Ι
1523 1948 1562 1988 p.
1576 1935 1692 1988 230),

160 1997 366 2058 ¹¹denique
406 2001 675 2057 amniumque
714 2007 930 2044 sonantum
961 2001 1171 2052 XXXIIII,
1217 2004 1266 2044 1⁶.)-
1298 2002 1408 2043 solus
1437 2001 1541 2043 liber
1570 2001 1693 2043 Ham-

136 2069 405 2126 ¹*burgensis
454 2071 741 2126 incorruptum
792 2071 984 2113 servavit.
1041 2071 1274 2112 Ceterorum
1329 2071 1479 2113 similia
1528 2071 1694 2125 collegit

62 2188 71 2198 ι
191 2138 307 2180 Neue
336 2139 369 2179 ll
399 2147 436 2194 p'.
467 2140 524 2180 22
552 2152 612 2193 sq.
664 2139 708 2179 ln
741 2138 881 2181 eodem
913 2154 1008 2181 casu
1037 2153 1115 2180 non
1149 2139 1205 2180 ita
1225 2141 1458 2192 frequenter
1479 2139 1693 2195 scriptores

189 2206 329 2249 Latini
360 2206 510 2249 Graece
539 2206 738 2249 flexerunt
766 2208 962 2250 vocabula
990 2222 1063 2249 neo
1092 2208 1184 2249 fere
1203 2207 1285 2248 alia
1316 2207 1395 2249 nisi
1426 2220 1529 2261 quae
1557 2213 1695 2250 essent

159 2279 262 2326 „aut
300 2274 468 2316 nomina
496 2274 741 2330 populorum
772 2280 843 2317 aut
872 2268 1067 2317 librorum
1099 2275 1219 2318 tituli.
1268 2276 1403 2329 Atque
1434 2274 1511 2316 hac
1539 2276 1693 2317 ratione

185 2347 352 2400 poetam
382 2343 658 2385 Veronensem
689 2342 902 2397 Chalybon
932 2344 1061 2385 LXVI
1071 2379 1079 2396 ⁷
1123 2346 1177 2387 218
1220 2343 1371 2385 dixisse
1402 2343 1559 2399 primus
1590 2343 1695 2385 vidit

138 2401 150 2415 ⁷
187 2407 415 2455 politianus
451 2410 673 2454 miscellan.
718 2425 756 2467 p¹
789 2410 864 2463 68,
908 2411 1023 2453 cuius
1055 2411 1374 2453 emendationem
1407 2412 1690 2454 Lachmannus

135 2500 144 2535 ji
181 2480 395 2536 ‘Hauptius
438 2480 506 2536 (ef.
551 2479 675 2522 etiam
716 2482 879 2531 Quaest.
918 2481 1004 2522 Cat.
1043 2496 1079 2537 p.
1118 2482 1171 2523 85
1202 2481 1285 2535 sq.)
1333 2480 1574 2523 Schwabius
1621 2481 1690 2522 alii

143 2539 148 2544 ’
213 2553 440 2606 eoeperunt.

295 2619 340 2661 Ἴ.
371 2618 460 2660 Nec
487 2618 643 2660 maiore
673 2633 773 2661 usus
803 2619 1029 2673 frequentia
1059 2623 1201 2673 poetae
1232 2618 1415 2659 dativum
1439 2633 1551 2660 more
1573 2618 1691 2659 Grae-

142 2674 164 2680 w
208 2696 324 2728 orum
366 2686 409 2728 in
426 2689 521 2727 -είπ
566 2687 831 2729 terminatum
872 2687 1167 2736 adhibuerunt,
1220 2700 1338 2740 quem
1386 2686 1429 2727 in
1460 2700 1581 2742 prosa
1611 2686 1689 2741 pri-

185 2755 300 2801 mum
330 2754 390 2796 ita
421 2754 646 2797 Varronem
676 2756 840 2798 finxisse
860 2755 1106 2798 testimoniis
1134 2761 1292 2798 constat
1313 2755 1488 2797 Charisii
1509 2769 1545 2810 p.
1569 2755 1622 2797 37
1645 2754 1688 2798 P.

209 2825 228 2864 t
253 2812 375 2865 Nonii
411 2836 451 2879 p.
480 2822 577 2865 374.
636 2823 789 2865 Eadem
832 2823 951 2867 flexio
997 2824 1102 2867 inter
1145 2829 1286 2880 poetas
1326 2823 1479 2865 saeculi
1515 2823 1689 2877 Augusti
