1923 3104
196 198 378 249 fecimus,
406 208 458 237 ne
488 194 610 250 plane
645 195 841 237 memoria
884 195 973 238 eius
1012 195 1261 248 aboleretur,
1307 196 1498 240 omnibus
1547 197 1708 256 legibus
1754 195 1775 218 ³
1811 182 1832 189 Α

196 269 393 323 repugnat
420 278 470 305 ex
500 263 650 318 quibus
692 264 877 319 singulae
920 264 1081 307 vocales
1124 269 1333 307 mutantur
1364 270 1406 307 et
1436 265 1707 311 debilitantur
1783 272 1865 323 Ἀ
1899 261 1902 263 ’

196 350 271 379 nec
302 333 527 390 quidquam
555 331 668 374 aliud
699 337 762 375 est
782 333 865 375 nisi
885 333 1145 375 librariorum
1166 333 1437 376 inconstantia
1457 335 1506 379 cf.
1531 336 1666 381 Corss.
1689 337 1709 380 Ι

197 421 236 462 p.
259 405 343 447 299
372 408 413 445 et
443 402 575 456 symb.
607 401 691 444 erit.
724 416 762 456 p.
786 402 881 445 546.

310 473 447 524 Longe
477 469 598 511 aliter
628 483 716 511 sese
748 483 812 511 res
840 470 965 512 habet
994 470 1035 511 in
1057 472 1280 525 scripturae
1302 486 1347 512 ae
1366 476 1407 513 et
1427 486 1447 513 e
1466 472 1705 522 confusione
1805 488 1863 506 ὸ

198 555 299 598 quae
329 539 497 595 quidem
527 538 629 580 ratio
660 552 708 579 ex
741 551 869 594 prava
899 537 1008 593 vulgi
1049 539 1385 594 pronuntiatione
1415 539 1602 596 profecta
1637 554 1710 597 per
1766 574 1771 597 ζ

197 611 336 653 omnia
366 614 550 663 tempora
580 608 786 649 communi
808 621 886 649 usu
917 608 1091 650 duravit.
1150 609 1211 649 Ac
1240 608 1419 663 primum
1445 608 1611 663 quidem
1632 609 1708 652 hoc

196 678 346 721 Lucilii
383 681 516 719 aetate
558 675 710 716 factum
745 688 834 717 esse
871 675 999 717 tradit
1028 675 1151 718 Varro
1182 676 1228 719 L.
1251 676 1294 718 L.
1318 676 1407 727 VII,
1439 678 1507 720 96.
1566 678 1708 733 Itaque

197 763 289 791 cum
320 747 403 789 iam
435 744 665 798 antiquitus
696 744 959 796 vehementer
994 745 1204 786 fluctuaret
1247 745 1499 800 singulorum
1536 748 1708 789 vocabu·

200 817 333 859 lorum
363 812 569 857 scribendi
600 826 747 866 genuS,
790 812 878 853 fieri
915 826 995 854 non
1033 815 1165 868 potuit
1195 813 1295 867 quin
1325 814 1449 855 etiam
1479 815 1520 856 in
1552 814 1707 857 codices

198 886 395 940 irreperet
425 883 505 923 ista
535 881 720 923 confusio
751 894 880 934 eoque
911 880 1041 922 maior
1078 887 1186 923 esset
1221 896 1298 936 quo
1340 882 1504 936 longius
1534 884 1625 938 quis
1654 886 1706 926 ab

196 951 442 1007 antiquitate
483 950 655 992 distaret
693 949 798 992 liber
837 962 960 990 manu
1002 949 1192 1005 scriptus.
1253 951 1299 993 In
1330 965 1373 993 re
1403 951 1528 1006 igitur
1558 951 1706 993 diiudi-
1867 1001 1883 1009 Ἴ

198 1021 326 1064 canda
366 1034 465 1061 num
509 1033 582 1075 per
611 1034 631 1060 θ
660 1032 712 1059 an
742 1032 814 1073 per
843 1032 888 1059 ae
918 1023 1027 1059 certa
1071 1019 1268 1072 quaedam
1317 1020 1514 1062 vocabula
1555 1021 1706 1062 rectius
1842 1038 1923 1078 ‚g

198 1090 470 1148 proferantur,
518 1088 689 1130 maximi
730 1085 895 1141 quidem
922 1087 1117 1129 momenti
1147 1093 1245 1130 sunt
1273 1103 1365 1130 cum
1394 1089 1705 1143 antiquissimae
1784 1133 1786 1135 .

197 1160 458 1202 membranae
494 1157 666 1211 ideoque
706 1156 785 1198 fide
822 1156 1087 1211 dignissimae
1123 1162 1213 1199 tum
1244 1157 1528 1214 inscriptiones
1559 1164 1600 1201 et
1628 1159 1703 1201 rei-

198 1228 386 1286 publicae
417 1231 457 1268 et
486 1225 639 1268 saeculi
668 1226 845 1279 Augusti
884 1230 1021 1281 utpote
1061 1226 1293 1281 contagione
1330 1231 1562 1282 temporum
1599 1228 1705 1271 inse-

196 1298 410 1352 quentium
441 1295 623 1337 nondum
654 1295 895 1350 depravatae
927 1295 975 1335 cf.
1008 1294 1233 1336 Corssenus
1266 1295 1283 1335 l
1314 1310 1351 1350 p.
1374 1295 1470 1338 325.
1492 1297 1587 1340 689.
1628 1297 1705 1339 His

197 1366 354 1409 scilicet
383 1365 575 1407 docemur
605 1377 677 1419 per
709 1362 1010 1419 diphthongum
1041 1365 1165 1406 verba
1198 1363 1324 1406 scribi
1352 1378 1509 1406 maeror
1527 1370 1705 1408 maestus

187 1440 369 1490 paenitet
404 1439 526 1475 taeter
561 1447 700 1474 scaena
741 1437 898 1486 saepire
933 1437 1115 1486 saeptum
1153 1434 1359 1474 saeculwm
1395 1439 1436 1474 et
1476 1447 1580 1487 quae
1610 1439 1706 1476 sunt

194 1504 360 1555 similia,
403 1507 544 1545 contra
579 1501 714 1544 vocali
745 1515 766 1542 e
803 1500 1006 1556 designari
1042 1516 1133 1542 cena
1169 1516 1306 1543 cenare
1336 1502 1527 1544 obscenus
1547 1502 1705 1554 femina
1864 1496 1923 1552 ἷξε..-

190 1574 397 1624 fecundus
422 1572 548 1623 fenus
568 1576 643 1612 etc.
676 1570 726 1611 cf.
759 1570 983 1611 Corssenus
1013 1570 1038 1613 l.
1062 1585 1101 1612 n.
1129 1575 1170 1612 et
1199 1571 1331 1625 symb.
1354 1570 1442 1612 crit.
1473 1585 1512 1626 p.
1539 1572 1619 1614 188
1641 1584 1704 1625 sq.
1850 1568 1859 1581 ³

198 1644 290 1686 191.
330 1642 360 1684 F
364 1641 620 1684 leckeisenus
651 1639 869 1694 quinquag.
903 1644 976 1682 art.
1009 1655 1044 1695 p.
1067 1641 1135 1683 27.
1177 1639 1424 1682 Ritschelius
1446 1639 1566 1683 Proll.
1587 1639 1701 1683 Trin.

194 1727 234 1768 p.
255 1711 419 1753 XCVII.
480 1709 676 1751 Stabilita
716 1709 840 1762 igitur
879 1708 1023 1750 horum
1063 1708 1356 1750 vocabulorum
1394 1709 1612 1765 scriptione
1641 1724 1702 1751 re·
1832 1695 1908 1761 ἷζε»

196 1780 391 1822 vertimur
420 1778 473 1820 ad
504 1777 736 1827 Catullum,
785 1782 830 1819 ut
872 1790 994 1831 quam
1034 1777 1077 1818 in
1115 1791 1161 1819 eo
1192 1791 1335 1831 genere
1365 1778 1699 1821 consuetudinem
1853 1789 1923 1840 «Aa

194 1853 356 1891 secutus
386 1848 443 1890 sit
472 1848 697 1889 videamus.
759 1847 847 1897 Qua
877 1846 919 1887 in
951 1860 994 1887 re
1025 1846 1130 1887 mihi
1161 1846 1325 1901 quidem
1356 1861 1405 1888 ex
1435 1847 1487 1888 iis
1518 1861 1622 1901 quae
1651 1848 1702 1890 ad
1858 1841 1900 1900 ’,ς-,ε

193 1917 473 1961 condicionem
511 1916 607 1957 libri
639 1915 888 1957 Veronensis
924 1929 1030 1957 nunc
1068 1915 1265 1971 deperditi
1308 1915 1610 1959 inlustrandam
1652 1916 1702 1959 de

192 1987 344 2041 origine
375 1985 652 2027 fluctuationis
689 1984 911 2039 scripturae
947 1984 1054 2026 inter
1084 2002 1105 2024 0
1137 1989 1178 2025 et
1206 1999 1237 2034 e,
1279 1990 1319 2026 et
1348 1999 1394 2026 ae
1422 1985 1465 2026 in
1495 1985 1702 2028 codicibus
1845 1957 1923 2034 ἧς

192 2055 344 2098 Catulli
375 2053 667 2097 sincerioribus
699 2053 935 2108 perspicuae
964 2053 1269 2095 accuratissime
1300 2052 1523 2108 disputavit
1541 2054 1702 2096 Schwa·
1841 2043 1923 2108 ⁵,

192 2124 285 2166 bius
319 2124 444 2180 praef.
467 2122 530 2165 ed.
553 2137 592 2178 p.
615 2121 733 2163 XVII
757 2134 843 2175 sqq.
876 2120 1040 2163 videtur
1072 2126 1184 2163 extra
1215 2135 1377 2164 omnem
1406 2122 1702 2165 dubitationem
1819 2090 1923 2194 ἐξ

1829 2194 1849 2203 ,κ
1869 2183 1918 2205 „2⁰31”

190 2193 371 2250 positum
402 2206 492 2234 esse
523 2196 684 2248 poetam
724 2190 910 2244 singulas
955 2190 1052 2232 illas
1083 2204 1201 2233 voces
1244 2190 1294 2233 de
1338 2191 1487 2246 quibus
1518 2191 1699 2235 dubitari

190 2263 322 2314 liceat,
354 2276 426 2319 per
456 2260 751 2318 diphthongum
796 2275 841 2302 αθ
885 2259 1125 2316 protulisse,
1170 2259 1277 2315 quod
1313 2260 1356 2302 in
1383 2260 1529 2303 iisdem
1560 2261 1701 2303 Lucre-

189 2333 294 2374 tium
325 2345 484 2386 quoque
515 2330 660 2372 fecisse
690 2335 808 2384 putat
836 2329 1121 2371 Lachmannus
1152 2343 1293 2371 comm.
1314 2344 1352 2386 p.
1375 2330 1441 2372 25.
1484 2330 1541 2372 Eo
1570 2330 1701 2385 magis

190 2415 286 2443 sane
317 2399 485 2443 offendit
514 2398 623 2454 quod
654 2398 715 2441 vir
744 2397 994 2454 perillustris
1030 2398 1073 2439 in
1102 2397 1204 2440 libro
1226 2398 1453 2441 Catulliano
1475 2412 1566 2441 cum
1596 2412 1700 2441 sem·
1811 2445 1814 2449 ,
1839 2393 1919 2458 ᾗῇ.

187 2483 261 2525 per
290 2474 469 2510 maestus
499 2469 675 2509 saeelum
696 2470 878 2520 paenitet
905 2466 1116 2518 scriberet,
1146 2473 1266 2522 plane
1295 2467 1410 2509 aliter
1430 2467 1564 2510 voluit
1584 2473 1700 2523 septa

189 2537 311 2587 LXII,
342 2536 397 2580 39
437 2541 478 2578 et
504 2541 609 2578 teter
638 2535 721 2586 LX,
755 2535 794 2576 3.
826 2534 1008 2586 LXXVI,
1040 2535 1094 2576 25
1125 2535 1373 2591 imprimere.
1433 2535 1575 2590 Neque
1604 2549 1699 2578 vero

189 2606 337 2647 desunt
366 2618 469 2660 quae
498 2604 542 2646 in
573 2603 813 2646 contrariam
836 2608 995 2660 partem
1017 2603 1193 2656 valeant,
1223 2609 1270 2646 ut
1289 2604 1434 2659 glaeba
1452 2603 1621 2656 LXIIH,
1641 2606 1699 2649 40

187 2676 238 2717 ab
270 2674 494 2716 editoribus
537 2687 617 2715 non
664 2673 789 2715 nullis
832 2672 984 2714 iniuria
1019 2674 1316 2728 approbatum,
1358 2673 1511 2715 rectius
1543 2673 1698 2725 ylebam

187 2741 369 2786 Achilles
399 2742 557 2786 Statius
588 2746 629 2785 et
655 2742 940 2786 Rossbachius.
972 2767 1028 2772 —
1073 2741 1196 2784 Porro
1241 2745 1379 2785 utrum
1414 2743 1605 2797 pedicare
1645 2755 1698 2784 an
1829 2770 1862 2800 ,3³

180 2814 397 2866 paedicare
438 2811 698 2854 scribendum
742 2816 849 2853 esset
891 2810 1000 2865 quod
1031 2811 1143 2862 XVI,
1179 2813 1214 2852 1.
1248 2811 1300 2851 14
1332 2815 1372 2852 et
1402 2810 1513 2861 XXI,
1544 2813 1572 2853 4
1601 2811 1696 2865 legi-
1718 2820 1729 2825 ”
1803 2840 1811 2861 -2
1836 2801 1838 2803 ¹
