1923 3104
933 83 988 132 14

207 217 256 257 de
286 211 479 270 Orthogr.
509 228 549 272 p.
571 213 684 259 2249
702 212 769 272 P.)
811 219 853 257 et
882 214 992 270 quod
1020 215 1159 258 minus
1189 210 1357 259 offendit
1383 210 1582 260 infacetus
1610 208 1754 265 ibid
1769 199 1852 280 .-

201 288 243 326 et
273 284 339 327 bis
368 284 497 337 XXII,
530 286 597 328 14
638 283 709 326 sed
739 283 1009 326 inficetiarum
1039 284 1145 327 dixit
1171 284 1359 336 XXXVI,
1393 285 1455 329 19.

314 353 501 408 Denique
543 355 808 395 consonantes
851 352 958 407 quod
987 353 1154 405 attinet,
1199 353 1353 409 priscae
1388 354 1538 397 aetatis
1566 354 1711 398 itidem

201 422 387 464 feruntur
415 422 567 464 formae
586 421 878 464 vocabulorum
909 421 1058 475 quibus
1081 422 1200 464 binae
1220 432 1295 478 pro
1316 422 1491 478 simplici
1510 418 1711 466 consonae
1754 448 1757 450 -
1791 432 1865 476 3.
1888 414 1891 416 ’

202 495 300 532 sunt
327 489 529 546 praefixae
560 488 690 531 veluti
719 493 878 544 gnatus,
908 503 1078 544 gnavuS,
1108 490 1299 545 gnobilis,
1330 504 1476 546 gnosco
1506 490 1587 532 alia
1606 503 1711 545 quae
1836 492 1844 500 ”

202 559 355 615 partim
374 572 399 600 a
417 557 552 599 radice
574 571 657 612 qna
676 558 826 613 partim
847 572 871 599 a
892 558 1018 614 stirpe
1032 573 1114 611 qno
1136 559 1395 601 deducuntur
1415 559 1467 603 cf.
1489 558 1711 602 Corssenus

204 628 225 669 I
252 642 291 683 p.
322 626 378 670 82
408 640 464 680 sq.
513 626 680 669 Ritschl.
725 626 849 669 Proll.
894 626 1004 670 Trin.
1035 641 1076 683 p.
1109 626 1214 671 CIII.
1247 641 1305 682 sq.
1367 627 1483 670 Hanc
1511 627 1711 670 rationem
1822 667 1856 683 ,,.

206 695 347 752 stirpis
388 696 668 738 corroboratae
715 694 949 737 observavit
992 695 1184 738 Catullus
1227 696 1436 753 plerisque
1488 696 1711 739 carminum

204 766 305 808 locis
342 765 387 806 in
418 769 573 818 ynam
603 769 643 806 et
667 770 804 818 ynam,
846 769 890 806 ut
932 764 1116 807 indicant
1144 765 1310 816 ann,
1363 767 1452 809 119.
1485 766 1583 816 213.
1614 765 1710 807 215.
1869 750 1878 760 ⁷

206 835 303 877 216.
336 834 433 878 220.
465 834 563 886 349,
607 832 679 874 sed
711 833 813 875 falso
845 833 1003 876 codices
1034 836 1117 878 298
1147 834 1247 876 haec
1277 834 1432 877 habent
1462 834 1572 877 'inde
1600 839 1715 890 pater

202 903 343 945 divum
384 907 522 944 sancta
563 916 654 943 cum
699 902 871 957 coniuge
900 903 1147 958 gnatisque‘:
1190 917 1283 945 nam
1308 918 1365 957 9η
1395 902 1704 959 praecedentem

204 971 388 1014 vocalem
419 985 579 1027 semper
607 970 793 1026 producit
822 971 1007 1013 tradente
1037 972 1229 1014 Muellero
1259 971 1309 1013 de
1339 987 1382 1013 re
1412 975 1525 1015 metr.
1548 986 1588 1028 p.
1610 973 1708 1015 316.

202 1040 415 1083 Accedunt
436 1039 599 1092 LXVII,
620 1041 688 1082 23.
710 1040 779 1083 30.
810 1039 973 1093 LXXII,
996 1041 1035 1083 4.
1054 1040 1256 1094 LXXXX,
1279 1044 1315 1085 3.
1340 1041 1379 1083 5.
1420 1040 1539 1083 Alias
1560 1040 1711 1095 ubique

204 1110 388 1153 breviore
429 1110 562 1150 forma
603 1113 722 1164 poeta
764 1109 893 1151 utitur
922 1124 972 1151 ex
1003 1114 1119 1165 parte
1148 1110 1268 1152 metri
1298 1110 1447 1164 gratia,
1479 1110 1631 1165 quippe
1660 1122 1711 1151 ne

205 1183 389 1233 correpta
419 1177 572 1219 vocalis
602 1177 714 1219 vocis
744 1178 967 1233 superioris
997 1192 1138 1220 versus
1159 1178 1388 1221 rationibus
1410 1178 1617 1234 postulata
1636 1191 1712 1220 sua

207 1247 436 1302 quantitate
473 1250 657 1289 exuatur.
738 1247 879 1301 Itaque
915 1247 957 1288 in
988 1247 1177 1289 carminis
1207 1246 1397 1299 XXXVI,
1431 1249 1482 1291 13
1512 1247 1585 1290 ubi
1614 1246 1713 1289 libri

207 1316 308 1358 item
340 1315 559 1371 depravate
581 1315 845 1371 Gm'dumque
864 1316 1049 1368 offerunt,
1071 1315 1256 1358 Catullus
1276 1316 1488 1372 scripsisse
1508 1315 1712 1372 putandus
1849 1296 1923 1436 ἐξ

210 1390 271 1428 est
302 1397 501 1440 ,quaeque
531 1385 701 1427 Ancona
732 1384 987 1440 Cnidumque
1017 1384 1362 1429 harundinosam‘.

318 1453 365 1494 In
385 1453 462 1495 hoc
481 1452 656 1507 aliisque
678 1454 813 1496 verbis
829 1468 859 1507 9
880 1453 1060 1495 litteram
1079 1454 1217 1496 tenuis
1238 1453 1456 1496 admodum
1474 1453 1565 1496 soni
1585 1453 1712 1496 fuisse
1879 1452 1906 1482 ²*

205 1536 254 1564 ex
284 1536 331 1564 eo
363 1526 553 1578 apparet,
598 1521 707 1577 quod
748 1522 943 1564 facillime
975 1522 1144 1575 decidit,
1175 1537 1267 1565 cum
1297 1537 1456 1579 semper
1484 1527 1715 1564 remaneret

202 1591 245 1632 in
267 1590 502 1646 compositis
531 1596 772 1645 prognatus,
804 1595 1017 1645 cognatus,
1049 1591 1233 1645 ignarus,
1263 1590 1456 1647 ignobilis
1487 1595 1575 1643 cet,
1605 1590 1713 1633 unde

207 1659 405 1713 originem
473 1659 696 1714 scripturae
760 1659 987 1714 pinguioris
1045 1660 1088 1701 in
1155 1659 1411 1715 simplicibus
1471 1659 1713 1715 conspicuae

205 1741 441 1781 cognoscere
472 1727 579 1769 licet.
1849 1783 1853 1789 ι
1876 1768 1903 1785 -.-

318 1796 403 1838 Nec
432 1796 563 1852 magis
593 1797 792 1839 usitatum
823 1802 909 1839 erat
937 1797 1192 1853 temporibus
1223 1796 1402 1852 antiquis
1433 1801 1473 1839 et
1501 1796 1544 1838 in
1564 1795 1713 1838 mediis
1807 1787 1919 1857 ’Ψῆ

204 1865 439 1908 nominibus
473 1870 513 1908 et
543 1866 585 1907 in
616 1866 728 1908 exitu
758 1880 895 1908 eorum
924 1865 1156 1908 sibilantem
1177 1882 1198 1908 s
1226 1866 1404 1908 scribere
1424 1870 1566 1922 postea
1592 1865 1713 1921 vulgo
1831 1859 1843 1877 ¹
1864 1878 1869 1881 ·
1888 1861 1896 1872 ”
1918 1870 1920 1872 ’

205 1936 248 1976 in
279 1951 303 1975 r
331 1939 599 1978 attenuatam.
659 1935 747 1977 Hoc
775 1935 894 1977 modo
921 1940 1060 1978 exorta
1090 1940 1187 1978 sunt
1215 1937 1345 1977 Lares
1374 1949 1424 1976 ex
1452 1936 1590 1985 Lases,
1621 1948 1715 1976 arae

203 2019 252 2045 ex
283 2018 387 2054 asae,
419 2005 590 2045 Furius
619 2018 669 2044 ex
691 2004 858 2045 Fum'us
888 2005 935 2045 cf.
968 2004 1190 2046 Corssenus
1210 2004 1230 2045 I
1249 2018 1289 2059 p.
1312 2006 1396 2047 ⁶234
1425 2016 1515 2057 sqq.
1558 2002 1715 2044 Pariter

205 2073 363 2114 litterae
394 2087 414 2113 s
444 2072 486 2114 in
516 2088 540 2112 r
569 2072 767 2114 transitus
793 2072 974 2114 cernitur
1008 2073 1051 2114 in
1081 2073 1217 2123 arbor,
1260 2072 1400 2123 honor,
1429 2070 1569 2123 labor,
1601 2071 1716 2128 lepor

206 2155 308 2196 quae
339 2140 477 2182 omnia
506 2140 604 2181 olim
634 2154 707 2196 per
736 2156 757 2181 s
785 2141 1109 2183 terminabantur
1139 2141 1187 2182 cf.
1220 2140 1392 2190 Quintil.
1413 2140 1447 2192 Ι,
1476 2142 1517 2193 4,
1552 2143 1617 2185 13.
1663 2141 1713 2182 In

204 2210 357 2252 Catulli
388 2210 586 2266 poematis
616 2223 744 2251 unum
775 2209 895 2250 huius
926 2209 1156 2266 scriptionis
1184 2209 1418 2266 exemplum
1438 2214 1570 2252 restat
1590 2209 1714 2264 quale

203 2284 268 2321 est
324 2279 440 2321 labos
487 2278 570 2330 LV,
616 2278 689 2322 13:
741 2277 827 2329 ,sed
870 2282 911 2320 te
951 2278 1032 2320 iam
1078 2279 1180 2320 ferre
1215 2279 1406 2321 Herculei
1449 2278 1567 2321 labos
1624 2282 1711 2321 est.‘

208 2349 397 2390 Ceterum
441 2362 492 2390 ex
534 2347 697 2390 illorum
738 2361 905 2389 numero
949 2348 1073 2388 honos
1110 2352 1152 2389 et
1181 2348 1300 2390 arbos
1329 2347 1382 2389 ad
1410 2347 1558 2389 ultima
1585 2360 1713 2403 usque

206 2423 393 2473 tempora
423 2416 629 2471 aequabili
659 2416 905 2472 scriptorum
934 2429 1011 2457 usu
1040 2415 1219 2471 viguisse
1249 2416 1349 2458 satis
1377 2420 1518 2458 notum
1547 2420 1620 2460 est.

324 2484 442 2526 Prius
485 2489 621 2526 autem
659 2498 783 2539 quam
812 2483 865 2525 ad
894 2483 976 2525 alia
1004 2484 1194 2539 procedat
1222 2484 1461 2540 disputatio,
1492 2484 1713 2539 generatim

207 2556 283 2598 hoc
312 2553 590 2596 adnotandum
619 2558 681 2596 est
710 2552 1040 2609 orthographiam
1071 2552 1226 2595 Catulli
1262 2552 1519 2597 librariorum
1550 2553 1715 2596 licentia

205 2622 421 2679 permultis
470 2622 570 2664 locis
619 2622 719 2664 adeo
771 2622 1042 2663 oblitteratam
1088 2631 1177 2663 esse
1219 2626 1265 2663 ut
1291 2622 1499 2664 interdum
1539 2622 1715 2677 vestigia

206 2696 365 2733 tantum
408 2690 578 2732 obscura
619 2690 827 2745 supersint
861 2689 1019 2745 priscae
1048 2690 1234 2741 rationis,
1280 2704 1329 2731 ex
1358 2691 1508 2745 quibus
1537 2691 1714 2745 genuina

207 2765 350 2816 poetae
396 2773 544 2801 manus
582 2758 741 2800 restitui
785 2763 906 2813 queat
949 2757 992 2799 id
1034 2758 1142 2813 quod
1181 2758 1489 2814 diligentissime
1530 2758 1714 2802 omnium

205 2828 409 2870 editorum
440 2828 582 2868 fecisse
612 2826 817 2869 Schwabii
848 2831 910 2867 est
938 2827 1137 2869 meritum.
