1923 3104
928 95 986 149 4⁷

163 226 284 285 {js-tur,
312 225 386 273 diu
413 227 672 280 multumque
701 223 958 266 haesitabant
986 223 1174 266 homines
1203 221 1313 265 docti
1341 223 1447 266 alius
1476 224 1601 267 aliam
1621 229 1706 281 ety-

179 291 406 354 ‘mologiae
447 297 645 340 rationem
683 293 860 336 molitus.
922 292 1202 335 Subtilissime
1238 292 1422 334 omnium
1463 293 1513 335 de
1556 294 1630 336 hac
1665 308 1707 335 re

207 367 401 412 disseruit
441 367 662 408 Corssenus
702 361 723 403 I
766 376 804 417 p.
830 361 913 404 648
959 366 1072 412 nota,
1117 361 1188 416 qui
1236 361 1477 404 lectionibus
1525 362 1706 405 codicum

89 439 102 491 ’;
149 426 152 428 ’
208 437 360 481 Catulli
398 442 439 478 et
466 431 663 477 Martialis
715 431 821 472 inter
864 444 907 472 se
949 430 1107 472 collatis
1146 444 1192 471 ac
1227 435 1337 472 certa
1376 430 1620 486 etymologia
1649 432 1709 472 in-

209 510 331 548 venta
359 517 517 559 semper
545 501 701 554 paedor
722 500 922 552 paedidus
939 500 1154 552 paedicare
1179 498 1435 540 scribendum
1463 514 1551 541 esse
1580 499 1708 541 docet.

322 571 608 629 Diphthongus
651 567 825 622 denique
869 581 926 609 au
955 566 1147 622 quoniam
1190 566 1426 623 plenissime
1463 572 1603 620 sonat,
1641 567 1710 609 vel

210 644 302 686 ideo
343 644 386 684 in
429 641 568 693 lingua
596 638 743 678 Latina
786 636 1016 678 diutissime
1046 639 1207 678 servata
1242 642 1316 678 est.
1377 638 1629 689 Quamquam
1660 651 1711 678 ne

211 711 309 753 haec
338 707 504 763 quidem
535 705 782 747 mutationes
812 704 977 746 omnino
1007 704 1160 758 effugit,
1191 704 1262 746 sed
1292 710 1451 746 mature
1471 705 1553 746 iam
1574 705 1617 746 in
1636 704 1711 747 ali-

211 784 312 835 quot
340 776 548 819 vocabulis
578 774 790 815 debilitata
816 776 860 814 in
891 789 913 814 ο
945 782 1132 829 apparet,
1168 778 1214 814 ut
1242 777 1440 815 testantur
1470 777 1567 816 coda
1597 779 1712 828 oriya

206 848 402 903 polulum
442 845 490 887 cf.
523 844 650 884 Varro
681 842 727 884 R.
756 842 804 883 R.
835 842 887 894 II,
919 843 957 884 7.
988 843 1026 884 8.
1084 841 1200 883 Hanc
1240 842 1535 898 corruptionem
1573 858 1594 885 e
1625 857 1713 899 pro-

212 915 471 958 nuntiatione
500 912 612 965 vulgi
642 911 901 966 potissimum
931 910 1073 952 rustici
1104 915 1232 951 ortam
1264 911 1332 964 (cf.
1365 911 1508 953 Festus
1539 926 1580 967 p.-
1613 913 1713 966 182)

215 989 340 1026 semel
369 980 552 1023 Catullus
582 979 750 1021 admisit
778 979 820 1020 in
850 993 947 1021 voce
977 980 1137 1020 oricula
1167 978 1295 1029 XXV,
1328 980 1352 1021 2
1390 980 1461 1022 ubi
1498 986 1715 1036 praeeunte

218 1051 420 1106 Scaligero
449 1050 691 1104 interpretes
728 1048 850 1103 vulgo
892 1047 990 1089 dant
1034 1049 1237 1098 auricilla,
1281 1047 1419 1090 dubito
1462 1063 1559 1090 num
1606 1049 1714 1090 iure:

219 1135 314 1163 nam
344 1119 439 1163 libri
469 1118 569 1160 satis
600 1117 704 1159 clare
733 1118 928 1172 praebent
955 1118 1155 1158 morz‘m‘lla
1185 1116 1292 1171 quod
1333 1122 1489 1173 praeter
1516 1117 1716 1160 initialem

219 1205 256 1231 m
287 1189 462 1231 litteram
503 1201 643 1229 omnes
676 1186 859 1229 veritatis
900 1198 1089 1227 numeros
1125 1185 1169 1227 in
1198 1199 1241 1227 se
1271 1187 1460 1231 continet.
1519 1187 1716 1229 Standum

217 1271 307 1300 esse
336 1258 380 1300 in
413 1256 561 1298 tradita
603 1255 775 1297 lectione
812 1255 937 1311 probe
976 1255 1239 1310 dispexerunt
1268 1255 1505 1298 Schwabius
1535 1260 1576 1298 et
1606 1256 1718 1298 Cors-

219 1340 339 1368 senus
368 1326 454 1368 loco
484 1325 590 1366 infra
619 1323 835 1367 afferendo.
896 1323 1083 1366 Ceterum
1114 1338 1162 1365 ex
1192 1324 1392 1366 eiusmodi
1412 1325 1645 1367 nominibus
1675 1325 1719 1365 in

218 1408 336 1436 usum
367 1393 583 1437 classicum
614 1392 865 1436 transierunt
893 1394 1094 1446 suffocare
1130 1394 1252 1435 codex
1287 1407 1383 1448 copa
1411 1394 1624 1436 codicillus
1653 1408 1719 1435 ecc-

211 1465 375 1518 plodere
403 1463 486 1505 alia
517 1477 619 1517 quae
641 1467 927 1505 commemorat
947 1462 1170 1504 Corssenus
1191 1463 1209 1503 I
1238 1477 1277 1518 p.
1300 1463 1394 1504 655.
1425 1463 1519 1506 657.
1552 1464 1647 1505 660.
1665 1488 1717 1493 —

333 1530 482 1574 Eadem
501 1531 646 1574 deinde
666 1531 942 1588 diphthongus
962 1531 1085 1573 etiam
1100 1531 1142 1572 in
1157 1546 1190 1573 u
1211 1536 1417 1573 attenuata
1436 1536 1513 1584 est,
1529 1532 1643 1573 cuius
1659 1532 1719 1573 rei

221 1599 407 1655 exempla
436 1600 592 1656 passim
622 1605 761 1642 extant
802 1600 912 1657 apud
938 1600 1131 1642 Plautum
1166 1613 1240 1641 nec
1276 1600 1424 1642 desunt
1452 1614 1618 1656 prorsus
1644 1600 1720 1641 Lu-

222 1668 348 1711 cretio
378 1670 425 1713 cs.
458 1669 625 1712 Ritschl.
648 1669 769 1711 Proll.
793 1669 901 1712 Trin.
932 1684 971 1725 p.
993 1669 1123 1711 XCVI
1153 1675 1193 1711 et
1221 1670 1382 1712 Lachm.
1414 1683 1556 1713 comm.
1589 1684 1628 1726 p.
1651 1669 1720 1712 85.

222 1737 344 1794 Apud
367 1737 573 1780 Catullum
600 1738 683 1780 tale
704 1738 801 1793 quid
822 1751 902 1780 non
933 1738 1145 1794 reperitur,
1176 1738 1284 1780 unde
1314 1738 1417 1780 hanc
1444 1739 1721 1793 quaestionem

211 1806 452 1849 ⁴omittimus
481 1813 639 1850 tantum
670 1808 790 1849 modo
820 1807 864 1849 id
892 1811 1078 1850 notantes
1108 1807 1180 1861 qui
1207 1807 1358 1850 Catulli
1389 1807 1565 1849 carmina
1594 1822 1723 1864 nuper

223 1881 510 1919 recensuerunt
539 1890 608 1919 eos
638 1877 843 1918 interdum
872 1876 996 1918 nimis
1034 1876 1187 1918 cavisse
1225 1891 1274 1918 ne
1304 1881 1446 1932 poetae
1476 1877 1624 1919 formas
1653 1877 1722 1918 ad-

224 1944 447 1987 scriberent
475 1945 611 1987 minus
630 1946 823 1988 -urbanas
861 1950 901 1988 et
938 1945 1139 2001 elegantes
1178 1945 1363 1988 codicum
1401 1946 1466 1988 vel
1506 1946 1577 1987 ubi
1618 1945 1723 1987 inter

224 2027 268 2054 se
298 2014 555 2056 consentiunt
582 2014 813 2056 auctoritati
843 2019 994 2056 temere
1026 2014 1267 2057 diffidentes,
1309 2014 1492 2069 Namque
1513 2014 1723 2056 Catullum

225 2081 388 2123 omnino
418 2096 501 2124 non
539 2083 740 2139 sprevisse
781 2083 980 2125 sermonis
1019 2083 1154 2138 plebei
1190 2083 1254 2124 vel
1296 2083 1507 2125 familiaris
1537 2083 1724 2124 licentias

228 2148 294 2191 vel
324 2163 373 2191 ex
403 2163 450 2191 eo
480 2156 659 2207 apparet,
691 2150 799 2205 quod
830 2151 939 2192 haud
970 2165 1098 2207 pauca
1126 2150 1235 2207 apud
1265 2165 1358 2193 eum
1379 2153 1504 2194 verba
1534 2151 1725 2205 leguntur

225 2230 329 2272 quae
358 2218 542 2261 indidem
572 2224 728 2263 constat
755 2221 883 2276 petita
912 2234 1012 2264 esse.
1072 2220 1178 2262 Sunt
1217 2226 1355 2262 autem
1396 2221 1516 2262 haec:
1561 2222 1725 2276 supperss

225 2291 321 2330 nata
349 2287 479 2341 XVII,
505 2289 570 2334 19.
602 2289 853 2347 salaputium
884 2289 989 2343 LIII,
1011 2295 1050 2334 5.
1084 2294 1296 2346 expatrare
1325 2289 1540 2343 XXVHII,
1574 2293 1626 2334 16
1656 2290 1725 2347 (cf.

226 2357 345 2410 gloss
378 2357 504 2400 Labb.
545 2373 582 2413 p.
616 2359 705 2414 69),
749 2363 902 2401 trusare
939 2359 1043 2411 LVI,
1075 2360 1113 2401 6.
1159 2359 1212 2400 ile
1247 2359 1391 2410 LXIII,
1423 2361 1450 2403 5
1497 2360 1566 2414 (cf.
1603 2360 1725 2413 gloss.

230 2423 356 2469 Labb.
376 2440 416 2481 p.
438 2427 505 2470 87.
521 2427 694 2483 Hauptii
709 2428 873 2479 Quaest.
888 2427 972 2470 Cat.
994 2442 1032 2484 p.
1054 2428 1138 2485 69).
1157 2427 1389 2484 ploxemum
1406 2427 1684 2472 LXXXXVII.
1700 2430 1726 2471 6

229 2493 300 2547 (cf.
332 2493 501 2543 Quintil.
534 2495 566 2546 I,
598 2498 637 2539 5.
669 2496 730 2551 8).
769 2496 1000 2552 carpatinae
1036 2495 1339 2547 LXXXXVIII,
1370 2498 1408 2538 4.
1472 2497 1559 2547 Qua
1599 2496 1649 2537 de
1685 2510 1727 2538 re

229 2560 324 2605 vide
355 2561 476 2604 etiam
507 2563 713 2607 Schwabii
742 2578 808 2619 qu.
840 2566 925 2608 (tat.
947 2564 981 2617 I,
1011 2579 1050 2620 p.
1068 2566 1163 2608 330.

706 2701 741 2727 c.
772 2691 828 2727 De
852 2699 1018 2736 syncope
1041 2690 1250 2727 vocalium.

343 2765 456 2810 Inter
487 2782 534 2810 ea
563 2784 666 2825 quae
695 2771 839 2814 rustici
861 2770 1060 2814 sermonis
1081 2771 1259 2827 speciem
1288 2784 1385 2827 prae
1415 2785 1458 2812 se
1489 2770 1638 2821 ferunt,
1670 2785 1728 2812 re-

230 2835 397 2878 ferenda
427 2841 489 2878 est
517 2839 641 2881 etiam
671 2839 895 2882 litterarum
916 2840 1120 2883 vocalium
1150 2841 1193 2881 in
1213 2839 1360 2882 mediis
1390 2839 1556 2881 vocibus
1586 2839 1729 2881 eiectio
