1923 3104
956 67 1008 111 12
1032 44 1037 49 ’

224 196 432 251 Reisigius
454 197 480 240 l.
494 210 535 239 n.
548 196 591 237 in
614 194 832 251 posteriore
854 195 950 235 velie
971 197 1012 235 et
1020 198 1163 248 possis
1184 193 1463 248 corrigendum
1474 185 1732 238 censuerunt.

223 266 476 320 Quamquam
497 265 604 306 nihil
622 264 661 305 in
686 264 819 306 verbis
841 263 1008 305 traditisx
1022 277 1110 305 esse
1131 263 1363 306 offensionis
1383 266 1425 304 et
1443 263 1732 319 Haasiusper'·
1858 307 1860 311 ,

221 334 355 390 spexit
375 338 416 376 et
437 334 675 389 interpretes
697 337 840 388 poetae
856 332 1098 374 Veronensis
1121 332 1360 377 recentiores
1381 330 1489 387 quod
1508 331 1632 374 sciam
1648 339 1732 377 omi·

223 418 296 446 nes
323 403 436 445 velut
453 402 736 444 Lachmannus
757 401 1032 444 Rossbachius
1054 401 1256 458 Hauptius
1279 393 1531 444 Schwabius.¹
1560 400 1667 445 Tum
1689 401 1730 443 in

225 473 408 514 eiusdem
439 471 630 513 carminis
651 485 769 512 versu
807 473 854 513 14
888 476 1029 526 postea
1059 484 1180 524 quam
1212 471 1294 513 iam
1318 470 1504 526 Baptista
1524 469 1730 514 Guarinus
1758 472 1766 474 ”

224 555 293 595 pro
344 541 479 594 inepta
528 539 730 581 librorum
772 554 838 579 nec
885 539 1054 580 lectione
1099 539 1310 594 aptissime
1340 543 1386 580 m·
1413 539 1594 593 scripsit,
1645 551 1731 580 rem

222 609 412 650 omnibus
459 608 640 650 numeris
685 607 864 649 absolvit
902 608 1108 649 Mamilius
1156 608 1226 662 qui
1270 608 1500 650 litterarum
1543 606 1731 649 ductibus
1773 632 1776 633 ν

226 677 344 734 paulo
390 677 615 720 accuratius
655 677 852 732 respectis
893 678 951 718 ita
992 677 1165 719 coniecit
1194 677 1416 719 rectissime
1449 677 1529 729 ,nei
1558 681 1602 718 tu
1633 674 1729 731 quid
1832 664 1890 675 ..

221 747 343 788 facias
371 747 641 802 ineptiarum‘.
691 746 888 788 Similiter
908 745 1047 798 XIIII,
1084 749 1102 788 1
1136 750 1203 787 nei
1230 760 1302 801 pro
1332 760 1379 787 ne
1408 746 1496 788 sive
1527 749 1573 787 ni
1598 745 1730 798 legen-

221 814 319 856 dum
359 829 447 856 esse
479 815 761 857 Lachmannus
792 815 947 870 primus
978 814 1174 870 dispexit,
1218 827 1339 868 quem
1370 815 1493 856 ceteri
1524 814 1643 868 vulgo
1674 827 1733 855 se·
1844 801 1919 873 531⁵}

223 884 306 925 cuti
339 889 447 925 sunt.
508 884 633 926 Porro
666 883 710 924 in
740 883 999 933 XXXVIIII,
1048 886 1074 926 2
1106 888 1167 925 sei
1195 884 1363 938 praebet
1391 888 1529 939 aperte
1560 884 1734 924 Lauren·
1762 913 1766 918 -
1806 907 1809 909 ·

219 952 377 1004 tianus,
428 953 598 1006 reliquis
648 952 753 993 male
796 952 941 1006 partim
969 967 1043 994 seu
1074 952 1223 1007 partim
1251 954 1320 994 sed
1347 953 1585 994 tuentibus-
1632 951 1731 993 Nam
1829 946 1847 997 J

221 1036 269 1062 ex
302 1021 486 1063 eiusdem
519 1021 712 1063 carminis
743 1034 864 1063 versu
897 1021 937 1070 4,
971 1020 1040 1063 ubi
1071 1020 1169 1062 haec
1200 1025 1339 1063 extant
1369 1021 1417 1073 ,si
1439 1020 1490 1062 ad
1512 1020 1567 1076 pii
1589 1033 1759 1074 rogum*

227 1091 285 1131 fili
313 1090 317 1145 Ι
346 1091 518 1145 lugetur‘
553 1090 803 1145 superiorem
834 1104 955 1143 quam
978 1090 1190 1145 posuimus
1212 1089 1430 1131 lectionem
1451 1089 1570 1130 unice
1592 1102 1731 1130 veram
1829 1101 1831 1104 ·

224 1173 314 1200 esse
336 1159 559 1201 clarissime
582 1162 705 1214 patet.
731 1158 854 1200 Plane
876 1158 1015 1201 eodem
1038 1173 1172 1201 errore
1193 1160 1342 1200 sactum
1357 1162 1429 1208 est,
1454 1162 1498 1199 ut
1514 1157 1656 1208 LXVI,
1676 1157 1732 1199 35
1868 1151 1923 1214 {3⁷3}

227 1227 333 1268 liber
373 1227 662 1268 Germanensis
701 1227 1017 1281 antiquissimus
1055 1242 1116 1282 pr.
1157 1241 1209 1269 m.
1247 1229 1316 1268 sed
1352 1227 1543 1268 exhibeat
1573 1240 1647 1281 pro
1678 1229 1727 1274 si,
1831 1214 1923 1269 &23²5

221 1296 329 1348 quod
359 1295 412 1336 ‘et
445 1296 572 1337 altera
607 1309 752 1336 manus
790 1296 886 1336 fecit
925 1301 964 1336 et
1001 1296 1126 1337 ceteri
1156 1296 1206 1345 ad
1238 1310 1366 1336 unum
1397 1308 1535 1337 omnes
1566 1294 1730 1344 habent,
1827 1309 1831 1313 ·
1857 1259 1923 1345 ji

222 1363 302 1405 nisi
336 1364 461 1406 'sorte
518 1364 666 1406 rectius
726 1367 787 1404 sei
843 1363 1101 1406 scribendum
1159 1368 1221 1406 est
1265 1363 1372 1419 quod
1423 1378 1470 1406 ex
1523 1362 1734 1419 primitiva
1833 1315 1923 1451 ,3ϊὲἦέ

221 1433 510 1475 Germanensis
547 1433 720 1474 lectione
752 1433 991 1475 Schwabius
1021 1434 1237 1476 revocavit.
1273 1433 1554 1475 Certissimum
1586 1432 1733 1474 deinde
1820 1444 1923 1518 ᾗ

1846 1495 1923 1526 Μ»,

222 1502 423 1542 indicium
454 1503 586 1542 facere
619 1514 836 1556 possumus
868 1502 917 1542 de
948 1501 1028 1542 alio
1059 1501 1147 1543 loco
1179 1502 1251 1555 qui
1282 1502 1322 1543 in
1353 1501 1555 1552 LXXXII,
1586 1502 1612 1542 4
1644 1514 1732 1556 pro-

222 1574 316 1611 stat.
379 1570 584 1611 Librarios
625 1569 732 1611 enim
764 1570 799 1610 si
841 1570 943 1612 alibi
983 1583 1159 1623 unquam
1194 1570 1246 1611 iis
1275 1570 1438 1621 accidit,
1488 1575 1534 1611 ut
1560 1569 1733 1611 scientes

223 1638 289 1679 vel
328 1638 548 1678 inscientes
578 1651 745 1678 manum
777 1646 917 1692 poetae
948 1640 1222 1688 obscurarent,
1254 1639 1329 1679 hoc
1359 1627 1617 1693 potissimum
1645 1638 1732 1691 loco

221 1720 411 1762 peccasse
432 1707 625 1760 gravibus
648 1706 807 1760 aliquot
834 1707 1084 1759 argumentis
1113 1706 1381 1749 demonstrari
1402 1711 1544 1760 potest.
1595 1706 1733 1749 Placet
1844 1753 1864 1762 ι,

217 1781 355 1816 autem
398 1780 443 1816 ut
479 1789 543 1816 res
582 1775 727 1816 melius
768 1775 1045 1827 intellegatur,
1082 1780 1212 1817 totum
1250 1790 1411 1817 carmen
1446 1776 1639 1831 perbreve
1668 1775 1734 1816 hio
1794 1786 1801 1787 ’
1836 1764 1910 1810 ⁷⁵⁴⁴

217 1843 448 1886 exscribere
484 1844 601 1898 quale
632 1844 841 1885 codicibus
871 1843 1065 1885 traditur:
1895 1831 1910 1840 ἡ

457 1936 613 1986 Quinti,
645 1936 681 1976 si
710 1935 788 1977 tibi
820 1935 883 1976 vis
914 1935 1053 1977 oculos
1084 1935 1229 1977 debere
1261 1936 1468 1978 Catullum

521 2012 594 2045 aut
623 2003 735 2045 aliud
766 2003 906 2057 siquid
936 2004 1068 2045 carius
1098 2009 1161 2046 est
1191 2005 1335 2056 oculis,

452 2073 610 2128 eripere
645 2073 681 2113 ei
713 2072 796 2113 noli
827 2072 954 2114 multo
986 2073 1095 2126 quod
1126 2074 1256 2114 carius
1287 2073 1351 2114 illi

525 2146 587 2183 est
617 2140 759 2190 oeulis,
791 2155 864 2183 seu
894 2141 992 2195 quid
1023 2141 1156 2183 carius
1187 2146 1250 2183 est
1280 2140 1420 2182 oculis.

331 2244 513 2287 Primum
566 2244 778 2286 considera
819 2258 969 2299 quaeso
1008 2259 1132 2299 quam
1171 2245 1311 2301 inepta
1348 2244 1534 2286 versibus
1574 2244 1733 2287 duobus
1780 2289 1790 2296 ,

217 2314 412 2355 extremis
455 2314 661 2355 sententia
695 2315 963 2356 contineatur.
1026 2315 1147 2356 Poeta
1187 2314 1398 2363 Quintium
1437 2314 1646 2355 obtestans
1683 2328 1734 2355 ne

217 2381 398 2438 puellam
429 2381 506 2423 sibi
537 2382 690 2438 eripiat
721 2382 851 2424 oculis
882 2382 984 2438 ipsis
1015 2383 1210 2424 cariorem
1240 2386 1401 2424 tantum
1432 2372 1549 2424 abest
1575 2386 1622 2423 ut
1644 2395 1734 2439 par-

217 2454 342 2493 ticula
383 2466 457 2493 seu
502 2451 783 2505 gradationem
823 2466 925 2506 quae
964 2456 1221 2507 exspectatur
1262 2450 1471 2502 subiiciat,
1516 2455 1562 2492 ut
1602 2451 1734 2494 multo

215 2520 356 2562 minus
388 2519 509 2561 etiam
542 2533 663 2574 quam
694 2521 816 2577 paulo
848 2524 942 2562 ante
973 2520 1089 2572 dixit,
1121 2520 1222 2562 satis
1243 2519 1492 2575 ineleganter
1513 2520 1730 2576 praedicet.

216 2590 436 2631 Praeterea
466 2589 502 2629 si
531 2594 639 2631 recte
669 2605 743 2632 seu
773 2589 882 2631 illud
912 2589 1043 2647 locum
1075 2593 1243 2640 teneret,
1275 2604 1323 2631 ex
1353 2589 1439 2644 lege
1469 2589 1736 2643 grammatica·

215 2672 294 2701 non
327 2659 454 2714 quid,
486 2657 559 2700 sed
591 2659 705 2713 quod
728 2659 845 2713 sequi
874 2658 1060 2710 deberet,
1092 2662 1138 2701 ut
1168 2672 1307 2700 versus
1337 2658 1482 2700 tertius
1510 2657 1736 2700 luculenter

216 2727 344 2771 docet.
406 2726 550 2781 Itaque
581 2741 674 2768 cum
705 2727 865 2780 singula
894 2728 996 2768 haec
1026 2732 1272 2783 reputemus,
1305 2741 1478 2782 quanam
1509 2727 1666 2768 latione
1696 2732 1737 2770 et

217 2796 354 2838 sensui
406 2795 558 2851 optime
609 2795 797 2837 satisfieri
840 2801 881 2838 et
924 2795 1122 2838 traditum
1165 2798 1271 2851 quid
1308 2796 1374 2838 cui
1409 2796 1526 2839 nulla
1548 2794 1733 2841 'omnino
1752 2816 1820 2860 πᾶν

1756 2861 1776 2869 -4
