1923 3104
956 85 1015 130 62

222 209 384 253 nomine
412 208 641 253 Mamurrae
666 208 882 264 XXVIIII,
912 211 938 254 3
968 226 1015 255 ac
1042 211 1169 266 LVII,
1200 214 1226 255 2
1269 225 1350 256 non
1387 218 1493 258 recte
1533 214 1735 263 iudicasse
1799 182 1825 209 ’ἢ

222 279 527 322 Lachmannum
557 279 608 321 ad
637 280 755 324 Lucr.
790 295 829 337 p.
859 281 914 323 36
956 286 1188 325 monentem
1232 283 1394 338 quidem
1437 283 1599 340 syllaba
1639 286 1728 329 eius

222 349 356 405 prima
385 348 593 391 Catullum
624 350 742 392 brevi
773 349 845 401 uti,
876 349 1037 392 collatis
1068 350 1226 393 Horatii
1257 352 1339 396 Sat.
1362 354 1395 403 I,
1419 353 1457 404 5,
1480 352 1533 394 37
1566 358 1606 396 et
1625 354 1731 398 Mar·

219 417 333 460 tialis
362 417 498 469 VIIII,
529 417 597 468 59,
632 421 667 460 1.
689 417 737 469 X,
758 419 800 469 4,
823 420 871 460 11
905 418 1106 474 exemplis
1127 419 1325 463 Schwabe
1355 434 1420 475 qu.
1453 421 1574 465 Cat.I
1595 436 1635 478 p.
1649 420 1730 466 201

222 486 321 527 satis
352 485 658 528 demonstravit.
756 486 839 526 Nec
859 500 940 528 non
961 486 1145 528 Catullus
1177 488 1377 543 singulari
1407 489 1583 543 quodam
1612 489 1732 533 modo

221 559 412 596 tintinare
442 554 548 596 dixit
578 554 697 596 litera
725 569 750 594 n
780 554 959 611 simplici
975 555 1017 596 in
1039 555 1230 598 carminis
1251 556 1446 613 Sapphici
1464 558 1534 608 LI,
1564 559 1613 600 11
1637 557 1731 600 aliis

220 623 341 665 aliam
370 623 413 664 in
444 622 586 664 eodem
617 623 743 665 verbo
793 627 832 664 et
877 623 1080 666 scribendi
1111 624 1309 666 rationem
1341 631 1381 667 et
1410 625 1641 682 prosodiam
1670 639 1730 668 se-

222 692 463 746 quentibus:
495 691 555 732 sic
583 691 808 733 tintinnare
838 692 962 735 Naev.
981 707 1081 734 com.
1100 694 1194 735 114.
1224 693 1439 736 tintinnire
1460 695 1598 737 Afran.
1633 695 1729 738 393.

218 760 494 804 tintinnabula
532 759 667 802 Plaut.
700 760 809 803 Trin.
847 762 967 803 1004.
1016 761 1133 804 Mart.
1180 762 1307 815 XIIII,
1344 764 1436 806 163.
1480 763 1625 807 Juven.
1656 764 1727 807 VI.

219 831 316 873 441.
354 829 476 871 tinire
506 828 663 871 Terent.
697 829 863 871 Maurus
895 829 978 871 232
1009 830 1232 884 ceterisque
1262 831 1413 872 tinnire
1444 832 1639 874 usitatum
1667 839 1729 875 est

219 900 266 940 cf.
300 898 463 940 Lachm.
494 898 545 939 ad
578 898 692 940 Lucr.
724 912 763 953 p.
787 897 855 938 36.
887 897 996 939 Neue
1029 899 1079 948 II,
1113 913 1151 954 p.
1174 900 1267 941 332.

331 967 423 1008 Jam
454 980 547 1008 vero
580 966 630 1006 de
662 965 796 1006 verbis
827 979 930 1019 quae
962 974 1059 1009 sunt
1083 967 1265 1021 liquidus
1288 967 1431 1018 LXIII,
1454 970 1519 1011 46.
1553 969 1726 1021 LXIIII,

217 1038 258 1079 2.
294 1038 387 1079 162.
432 1035 586 1089 liquere
618 1034 770 1084 XXXI,
804 1036 841 1076 2.
892 1035 1106 1088 liquefacio
1140 1035 1339 1078 LXXXX.
1372 1037 1397 1076 6
1434 1036 1589 1078 dudum
1620 1043 1726 1079 recte

222 1103 460 1146 observavit
487 1102 729 1144 Bouterwek
763 1103 875 1145 Lucr.
910 1102 1071 1152 Quaest.
1103 1118 1142 1158 p.
1174 1106 1221 1146 21
1260 1118 1351 1145 cum
1382 1103 1548 1157 reliquis
1578 1118 1624 1146 ea
1654 1105 1726 1145 Ca-

217 1172 368 1213 tullum
389 1176 408 1212 z·
426 1176 608 1226 correpta
634 1171 786 1225 ubique
816 1170 1052 1226 protulisse3
1084 1174 1156 1212 sed
1185 1171 1294 1213 idem
1325 1172 1431 1226 quod
1464 1173 1522 1214 ait
1544 1173 1722 1228 Vergilio

220 1240 378 1296 probari
408 1240 571 1281 animus
602 1253 694 1280 eum
728 1239 872 1280 fefellit
902 1240 952 1280 cf.
976 1239 1237 1281 Corssenusl
1272 1255 1311 1295 p.
1335 1242 1429 1283 503.
1462 1267 1517 1271 —
1549 1241 1596 1283 In
1619 1255 1723 1283 com-

219 1309 363 1364 positis
395 1307 543 1350 deinde
574 1307 689 1350 verbi
711 1308 827 1359 facio
859 1320 1030 1360 quorum
1068 1307 1176 1349 haud
1207 1308 1536 1362 infrequenter-e
1564 1308 1724 1351 literam

220 1377 429 1418 Lucretius
460 1376 651 1432 producit
693 1376 813 1416 metri
858 1382 1019 1417 coactus
1049 1376 1292 1417 necessitate
1323 1377 1472 1418 formas
1502 1371 1667 1419 creticae
1699 1391 1723 1418 a

217 1446 404 1488 versibus
436 1444 650 1486 excludere
681 1443 750 1498 (cf.
774 1444 1012 1486 Bouterwek
1045 1444 1068 1486 l.
1091 1460 1127 1487 n.
1161 1459 1199 1500 p.
1222 1445 1313 1499 22),
1344 1445 1513 1486 eandem
1535 1445 1722 1487 Catullus

216 1530 265 1557 ne
294 1514 527 1569 tribrachys
570 1527 642 1568 pes
688 1513 878 1555 existeret
914 1526 1084 1555 numero
1126 1527 1265 1555 versus
1301 1513 1451 1555 heroici
1481 1514 1631 1569 pariter
1660 1514 1722 1555 in-

215 1589 349 1639 eptus,
392 1582 553 1624 duobus
596 1581 696 1623 locis
738 1581 933 1634 integram
971 1582 1150 1623 servavit
1180 1580 1353 1631 LXIIII,
1385 1583 1468 1624 360
1508 1582 1723 1637 tepefaciet

215 1660 255 1693 et
285 1651 486 1701 LXXXX,
518 1652 544 1692 6
575 1649 852 1702 liquefaciens.
913 1650 1036 1691 Brevi
1067 1654 1204 1692 contra
1233 1650 1364 1691 utitur
1394 1649 1605 1703 aliquanto
1636 1664 1723 1691 sae-

215 1720 307 1775 pius
337 1720 415 1761 ita:
455 1718 675 1760 madefient
704 1716 871 1767 LX1111‚
903 1717 998 1760 368.
1047 1716 1245 1773 tepefaxit
1274 1717 1484 1768 LXV111a‚
1517 1718 1583 1760 29.
1615 1722 1722 1774 pate-

215 1789 312 1830 fecit
331 1787 546 1838 LXVIIIb,
579 1788 645 1828 67.
669 1786 887 1828 labefactes
909 1785 1122 1837 LXVIIII,
1138 1787 1175 1829 3.
1199 1786 1246 1827 cf.
1267 1786 1489 1828 Corssenus
1506 1786 1547 1827 II
1567 1800 1606 1842 p.
1623 1787 1721 1830 514.

213 1858 257 1899 L.
288 1855 513 1898 Muellerus
549 1870 588 1911 p.
619 1855 714 1899 364.
759 1854 922 1896 Lachm.
955 1854 1007 1895 ad
1039 1854 1151 1897 Lucr.
1192 1869 1228 1911 p.
1264 1857 1344 1898 190
1371 1868 1431 1909 sq.
1462 1855 1546 1897 409
1575 1868 1632 1909 sq.
1665 1880 1719 1886 —

214 1927 424 1968 Praeterea
463 1925 505 1966 in
555 1938 602 1966 eo
638 1923 931 1966 vocabulorum
961 1937 1104 1977 genere
1135 1937 1236 1979 quae
1268 1930 1363 1965 sunt
1393 1937 1485 1965 cum
1515 1924 1719 1979 praeposi—

212 1996 322 2036 tione
345 2009 427 2048 pro
459 1993 701 2048 composita,
733 1993 960 2036 notandum
990 1996 1052 2033 est
1080 1992 1182 2033 illud
1213 1992 1436 2047 praefixum
1467 1992 1575 2046 quod
1604 2006 1719 2034 voca-

212 2064 294 2106 lem
322 2062 475 2118 origine
512 2075 587 2104 sua
627 2062 787 2116 longam
820 2061 953 2112 habet,
997 2061 1202 2102 communi
1239 2066 1447 2116 poetarum
1478 2060 1719 2103 Latinorum

211 2146 290 2174 usu
321 2131 453 2185 magis
484 2130 695 2184 magisque
725 2135 915 2185 coeptum
947 2143 1034 2171 esse
1065 2129 1226 2184 corripi.
1268 2130 1404 2183 Atque
1433 2128 1508 2170 hoo
1538 2128 1646 2170 cadit
1675 2129 1719 2170 in

210 2200 311 2243 talia
340 2199 605 2256 potissimum
638 2199 861 2254 composita
891 2198 1072 2251 qualium
1103 2197 1275 2253 simplex
1305 2199 1476 2239 verbum
1506 2211 1530 2238 a
1561 2197 1681 2239 litera
1691 2198 1728 2249 f

208 2269 428 2312 incohatur
455 2268 569 2310 velut
598 2267 770 2321 profari
793 2269 1008 2320 proficisci
1039 2266 1252 2320 profundo
1276 2266 1482 2320 profuqz‘o
1506 2265 1720 2319 profanus

209 2339 293 2380 alia
322 2352 425 2392 quae
447 2337 697 2389 collegerunt
720 2335 950 2386 Schneider,
983 2348 1038 2388 gr.
1061 2335 1129 2377 lat.
1151 2335 1171 2376 I
1203 2349 1239 2390 p.
1262 2336 1346 2377 576
1368 2347 1453 2388 sqq.
1486 2334 1528 2377 L.
1545 2333 1719 2375 Mueller

212 2423 246 2464 p.
268 2406 364 2451 363.
398 2406 532 2448 Corss.
559 2405 594 2446 ll
638 2420 674 2460 p.
703 2403 799 2446 482.
860 2403 918 2445 Ex
962 2403 1027 2444 his
1070 2403 1194 2458 igitur
1229 2417 1330 2458 quae
1377 2402 1495 2444 ceteri
1526 2401 1717 2458 dactylici

209 2489 351 2517 omnes
381 2488 464 2516 una
494 2474 717 2526 eademque
751 2473 906 2514 ratione
937 2486 1149 2513 mensurae
1178 2485 1301 2525 quam
1336 2471 1608 2512 indicavimus
1628 2484 1719 2526 pro·
1766 2499 1769 2502 -

208 2545 405 2595 tulerunt,
438 2557 564 2585 unum
581 2542 793 2596 profundo
817 2540 1002 2582 Catullus
1034 2540 1180 2582 maluit
1210 2540 1343 2596 prima
1372 2540 1493 2593 longa
1522 2538 1717 2582 adhibere

208 2614 251 2654 in
284 2611 454 2663 LXIIII,
486 2612 588 2654 202:
622 2610 709 2661 ‚has
740 2615 953 2666 postquam
986 2613 1140 2650 maesto
1169 2609 1349 2665 profudit
1379 2612 1538 2665 pectore
1567 2611 1715 2649 voces‘.

208 2682 325 2733 Quod
355 2695 445 2722 cum
478 2681 536 2721 ita
567 2679 631 2729 sit,
664 2678 778 2720 nulla
808 2678 971 2720 omnino
1003 2692 1123 2719 causa
1153 2684 1214 2719 est
1250 2692 1318 2719 cur
1346 2677 1546 2718 Muretum
1578 2676 1716 2718 credas

207 2752 251 2791 in
282 2749 469 2791 eiusdem
499 2747 692 2789 carminis
725 2761 844 2789 versu
869 2748 955 2790 382
986 2761 1056 2802 pro
1077 2747 1274 2790 librorum
1296 2760 1391 2788 mss.
1413 2746 1583 2788 lectione
1595 2759 1715 2798 prae-

198 2819 340 2871 fantes
370 2817 521 2859 rectius
553 2816 804 2871 suspicatum
837 2829 926 2855 esse.
950 2816 1162 2868 profantes
1194 2816 1262 2869 (cf.
1294 2814 1497 2856 Huschkii
1529 2812 1602 2869 Ep.
1624 2813 1712 2855 crit.
1769 2872 1775 2875 .
1807 2815 1830 2827 ”

1818 114 1882 140 '5¹51‘ssss
