1923 3104
955 121 1010 164 27

210 250 298 289 ”tur
311 245 486 299 -LXlssI,
508 247 534 289 3
549 247 650 288 fines
661 244 868 287 Aeetaeos.
884 244 1029 296 LXVI,
1053 246 1103 288 12
1119 244 1213 286 finis
1228 243 1431 299 Assyrios.
1446 243 1656 295 LXVIIP’,
1677 244 1732 286 98

231 319 420 370 cognatos
440 315 604 358 cineres.
643 314 766 355 Porro
787 314 955 356 fluctuat
973 313 1176 355 interdum
1197 326 1324 366 genus
1346 312 1522 353 nominis
1543 312 1648 366 quod
1669 318 1733 353 est

66 413 70 415 -
101 412 114 433 :-
200 403 201 407 ¹
234 384 360 428 colus.
421 383 552 438 Vulgo
586 381 672 424 vim
714 381 901 424 seminini
931 381 1011 424 sibi
1040 381 1229 431 vindicat,
1261 381 1332 424 sed
1361 380 1579 423 masculini
1607 381 1730 423 habet

84 460 93 505 ζ
127 440 129 445 ,
165 463 168 464 ’
227 443 359 494 >semel
394 451 502 507 apud
544 450 747 492 Catullam
786 450 962 500 LXIHI,
1001 450 1081 492 311
1114 450 1249 491 colum
1278 450 1470 490 amictum
1500 450 1547 490 cf.
1579 449 1731 491 Tibull.

233 521 264 571 I,
295 523 335 574 3,
367 522 422 564 86
451 519 573 575 pleno
604 518 702 570 0010,
734 519 771 561 81
799 518 899 560 fides
928 518 1111 560 Parisino
1142 523 1217 562 est.
1277 518 1457 573 Propert.
1480 517 1575 569 IIII,
1611 519 1646 569 l,
1679 519 1732 559 72

234 589 373 632 dextro
410 587 507 630 colo.
538 589 585 638 9,
630 588 685 629 48
716 587 828 642 Lydo
866 587 966 629 0010.
995 612 1052 617 —-
1081 586 1167 627 Iam
1206 586 1256 627 de
1286 599 1382 627 voce
1412 600 1535 627 arcus
1566 585 1731 627 Servius

231 657 283 699 ad
303 656 401 698 Aen.
423 654 473 706 V,
505 656 589 698 609
620 655 718 697 11000
747 655 933 697 tradidit:
965 654 1165 706 ,Catullus
1195 658 1236 697 et
1264 654 1335 697 alii
1364 668 1507 709 genere
1526 654 1724 696 feminino

235 729 391 781 ponunt
420 724 640 765 referentes
670 724 721 765 ad
752 725 958 780 originem,
990 723 1095 765 sicut
1124 723 1223 765 haec
1252 723 1362 765 Attis
1394 727 1433 765 et
1462 723 1560 765 haec
1592 723 1732 764 Gallus

235 793 434 847 legimus‘.
493 792 550 834 At
591 806 750 834 carmen
791 798 926 835 tamen
967 794 1011 835 in
1052 806 1129 846 quo
1181 793 1240 834 ita
1287 792 1440 850 dixisse
1484 791 1731 846 perhibetur,

62 914 65 915 ⁷
232 860 351 903 hodie
393 873 475 902 non
515 860 599 902 iam
644 865 755 903 extat
797 875 928 916 neque
970 860 1237 916 improbabile
1278 860 1438 903 videtur
1477 860 1602 901 verba
1646 861 1733 902 eius

0 939 61 968 Ν
105 921 108 923 Α
232 933 416 984 corrupta
446 943 534 971 esse
565 930 613 971 cf.
647 930 844 972 Schwabe
872 931 1014 984 fragm.
1045 930 1117 971 XI.
1570 920 1576 926 ’

347 997 490 1049 Paullo
539 997 787 1055 implicatior
835 997 1008 1054 denique
1056 998 1240 1054 quaestio
1279 1004 1341 1041 est
1377 1011 1552 1052 quonam
1588 1013 1733 1054 genere

233 1071 353 1123 poeta
382 1067 628 1110 vocabulum
649 1071 832 1121 pumicis
862 1067 899 1118 I,
937 1068 964 1109 2
994 1067 1194 1109 extulerit.
1227 1067 1420 1109 Testibus
1451 1066 1560 1109 enim
1591 1065 1733 1107 Servio

231 1136 284 1178 ad
313 1137 415 1179 Aen.
446 1136 537 1188 XII,
562 1136 644 1179 587
677 1140 717 1178 et
744 1136 870 1178 Atilio
890 1136 1175 1179 Fortunatiano
1205 1138 1316 1180 2676
1337 1136 1520 1178 Putschii
1539 1135 1734 1177 feminino

236 1218 335 1246 usus
384 1212 467 1256 est,
518 1204 588 1245 sed
638 1205 890 1258 refragantur
930 1203 1086 1245 codices
1129 1202 1258 1245 nostri
1293 1217 1453 1255 omneS,
1501 1204 1546 1245 in
1582 1203 1732 1258 quibus

235 1273 411 1328 ‚pumice
459 1273 571 1315 arido
620 1275 681 1314 vel
727 1272 874 1314 arrido‘
922 1272 1121 1327 scriptum
1158 1271 1298 1314 extitit.
1357 1272 1442 1313 Nec
1472 1273 1591 1314 aliter
1626 1272 1735 1313 hunc

233 1341 479 1383 versiculum
531 1341 702 1383 afferunt
751 1340 909 1383 Terent.
950 1340 1116 1382 Maurus
1156 1341 1286 1391 2560,
1338 1340 1471 1382 Schol.
1504 1341 1651 1383 Veron.
1682 1341 1732 1382 ad

232 1411 348 1464 Verg.
381 1411 464 1453 Ecl.
501 1410 566 1461 VI,
602 1413 620 1451 1
654 1424 692 1464 p.
716 1409 768 1450 73
800 1409 941 1459 Keilii,
972 1409 1074 1451 Mar.
1097 1409 1246 1451 Victor.
1278 1409 1388 1452 2596
1410 1409 1469 1461 P.,
1502 1410 1598 1451 Isid.
1622 1410 1730 1465 Orig.

233 1478 306 1531 VI,
341 1479 407 1531 12,
439 1478 478 1531 3,
509 1478 612 1520 Atil.
637 1478 842 1521 Fortunat.
864 1477 948 1522 318
979 1492 1026 1519 ex
1058 1477 1120 1521 ed.
1153 1477 1276 1520 Gaisf.
1328 1478 1377 1519 In
1406 1483 1521 1521 tanta
1548 1479 1733 1522 lectionis

233 1548 428 1590 varietate
465 1547 672 1603 quaeritur
709 1551 846 1588 utrum
884 1547 1090 1590 codicibus
1128 1550 1169 1588 01
1205 1546 1351 1588 maiori
1386 1551 1598 1598 auctorum
1628 1546 1734 1601 parti

231 1630 284 1658 an
313 1616 454 1658 Servio
483 1616 619 1671 potius
650 1615 729 1657 soli
758 1620 806 1656 ut
835 1615 998 1657 videtur
1027 1614 1126 1656 fides
1156 1615 1343 1657 habenda
1372 1615 1440 1657 sit.
1469 1614 1608 1669 Neque
1639 1628 1733 1656 vero

234 1684 450 1730 defuerunt
485 1685 556 1740 qui
595 1685 703 1728 hunc
732 1683 870 1727 verbis
902 1684 988 1726 suis
1019 1684 1125 1726 alius
1156 1685 1375 1726 Catulliani
1405 1685 1483 1727 loci
1513 1699 1733 1726 memorem

232 1754 361 1795 fuisse
406 1757 614 1795 censerent
648 1753 777 1794 veluti
812 1753 1050 1795 Leutschius
1093 1758 1207 1795 nunt,
1245 1753 1358 1796 erud.
1399 1754 1576 1808 Gotting.
1620 1754 1730 1795 1855

0 1858 16 1896 ἐ
231 1837 270 1878 p.
309 1824 420 1867 1990
458 1826 500 1865 01
541 1821 785 1878 Spengelius
826 1822 915 1864 lect.
955 1822 1039 1864 Cat.
1075 1837 1112 1878 p.
1156 1825 1253 1873 102,
1294 1823 1365 1878 (1111
1395 1823 1732 1865 Fortunatianum

0 1913 16 1956 ᾗ.
233 1903 394 1944 (1110(1110
433 1893 547 1932 arido
590 1891 736 1944 legisse
768 1895 992 1932 autumnat.
1021 1890 1176 1932 Pariter
1205 1891 1280 1933 hoc
1309 1892 1394 1933 1000
1423 1892 1621 1932 fluctuant
1650 1890 1732 1932 edi—

0 1997 15 2029 i
232 1965 343 2002 tores
372 1959 509 2002 Servii
545 1959 824 2002 auctoritatem
860 1959 1011 2016 partim
1048 1964 1264 2014 sequentes
1304 1965 1349 2002 ut
1378 1960 1580 2015 Hauptius
1612 1959 1729 2000 Ross-

0 2072 58 2090 ⁴,
235 2028 402 2070 bachius
432 2027 672 2070 Schwabius
710 2029 862 2084 partim
900 2028 1159 2084 repudiantes
1190 2034 1238 2070 ut
1267 2028 1548 2070 Lachmannus
1580 2032 1620 2070 01
1648 2027 1731 2070 0111.

0 2081 45 2178 {a
67 2094 70 2097 ’
116 2124 117 2127 ¹
233 2096 429 2138 Crescunt
457 2097 672 2149 angustiae
702 2097 769 2139 vel
799 2111 845 2139 eo
876 2096 984 2152 quod
1013 2111 1216 2151 nusquam
1245 2097 1347 2141 alibi
1375 2097 1562 2139 Catullus
1591 2111 1733 2138 vocem

64 2161 67 2163 ⁵
226 2167 409 2218 pumicis
438 2178 532 2207 cum
552 2165 753 2208 adjectivo
774 2165 994 2209 coniunxit.
1046 2166 1132 2208 Iam
1153 2166 1278 2220 igitur
1297 2165 1467 2222 prolatis
1488 2171 1529 2208 et
1548 2172 1732 2207 veterum

0 2256 33 2283 2
98 2232 101 2241 '
235 2238 276 2275 et
304 2233 571 2275 recentiorum
601 2236 816 2277 sententiis
846 2236 966 2277 liceat
984 2249 1091 2277 nunc
1111 2249 1321 2291 exponere,
1353 2248 1476 2289 quem
1496 2235 1547 2277 ad
1567 2234 1733 2276 modum

4 2294 29 2317 ‘³
234 2302 339 2344 mihi
380 2301 545 2357 quidem
574 2308 694 2358 poeta
723 2304 971 2346 Veronensis
1000 2305 1107 2346 1111110
1136 2304 1267 2346 10011111
1298 2304 1506 2346 effinxisse
1534 2305 1731 2347 videatur.

235 2372 322 2421 Qua
350 2371 394 2412 in
423 2384 465 2412 re
494 2371 613 2424 longe
641 2372 817 2413 maxime
847 2372 952 2414 mihi
980 2373 1111 2428 placet
1139 2387 1281 2414 eorum
1310 2373 1470 2428 opinio,
1509 2373 1580 2428 qui
1610 2373 1732 2415 libro-

236 2453 325 2481 rum
365 2439 610 2494 scripturam
653 2440 780 2491 ,arido
817 2441 993 2497 pumice‘
1024 2446 1071 2482 ut
1106 2449 1199 2496 pote
1240 2442 1487 2495 argumentis
1524 2441 1664 2483 multis
1695 2448 1736 2482 et

234 2506 426 2560 gravibus
457 2507 739 2551 'confirmatam
776 2509 923 2551 volunt
956 2509 1210 2552 retinendam
1246 2523 1347 2551 esse.
1407 2511 1589 2552 Primum
1624 2510 1733 2551 enim

237 2575 425 2617 Servium
464 2575 515 2618 ad
552 2576 681 2619 alium
711 2577 864 2620 Catlilli
893 2578 1024 2620 locum
1055 2578 1283 2634 respexisse
1313 2594 1406 2621 cum
1435 2593 1506 2635 per
1535 2593 1578 2621 80
1607 2578 1732 2620 credi-

237 2643 322 2685 bile
352 2647 414 2685 est
441 2648 530 2699 tum
559 2659 677 2688 nemo
708 2647 826 2688 facile
857 2647 1019 2701 negabit
1048 2647 1118 2700 qui
1144 2661 1203 2690 cc.
1233 2648 1355 2698 LXV,
1391 2650 1442 2691 16
1473 2653 1513 2689 01
1542 2647 1685 2699 CXVI,
1707 2650 1734 2689 2

236 2710 477 2763 contulerit,
514 2713 622 2756 unde
651 2721 819 2771 apparet
847 2715 968 2771 plura
996 2715 1176 2758 carmina
1204 2723 1366 2773 poetam
1403 2717 1540 2759 011010
1570 2716 1734 2759 misisse

233 2778 355 2822 hodie
375 2779 597 2836 deperdita.
628 2783 786 2826 Deinde
801 2785 921 2826 ceteri
938 2784 1154 2840 scriptores
1173 2799 1312 2828 01111108
1329 2790 1369 2827 01
1383 2786 1536 2843 priores
1550 2789 1733 2841 01110810-

235 2847 362 2890 riores
391 2862 473 2890 11011
502 2852 677 2904 probant
702 2851 808 2894 illud
836 2866 984 2895 nomen
1013 2854 1095 2895 nisi
1121 2868 1264 2907 genere
1290 2854 1513 2896 masculino
1545 2855 1731 2896 affectum
