1923 3104
937 16 1002 93 41,

245 173 315 229 30,
331 172 427 217 195.
443 173 540 216 223.
571 172 716 231 LXVI,
740 172 805 214 19.
845 171 998 213 Verum
1018 175 1157 213 tamen
1189 169 1266 212 hoc
1294 169 1554 214 librariorum
1582 169 1721 226 potius

80 290 83 293 p
215 234 340 299 W
368 245 511 297 poetae
540 240 812 284 inconstantia
838 240 990 282 factum
1020 253 1108 282 esse
1136 239 1274 295 ipsum
1302 238 1410 281 illud
1429 239 1608 294 loquella
1637 253 1721 281 mnf

36 351 37 354 ,
214 301 364 355 1ιίϊόπο
393 309 559 354 indicat.
591 333 646 341 --
676 308 878 353 Similiter
906 308 1110 364 geminata
1129 307 1264 351 littera
1290 321 1392 364 opus
1413 321 1502 350 esse
1531 307 1576 350 in
1597 308 1718 361 pille-

80 372 186 437 1³:122*
199 378 312 423 jutus
340 379 447 433 quod
476 378 684 428 XXXVII,
706 379 733 420 2
762 378 920 432 legitur,
953 376 1156 419 sententia
1176 380 1238 419 est
1256 376 1512 418 Fleckeiseni
1533 375 1718 430 Orthogr.

215 446 302 494 Lat.
332 461 372 503 p.
395 447 448 489 25
488 460 563 488 nec
598 447 759 489 obstare
795 445 959 489 videtur
989 444 1276 488 Germanensis
1311 444 1355 486 in
1391 458 1471 499 quo
1502 443 1673 486 alteram
1702 444 1719 484 l

214 515 336 560 huius
365 516 478 559 vocis
508 529 666 557 erasam
696 528 785 557 esse
813 515 1053 557 Duebnerus
1083 514 1260 557 adnotat.

97 572 113 587 ’
329 584 439 626 Num
469 597 609 625 vocem
629 585 772 637 religio
803 584 988 633 Catullus
1008 583 1181 625 adaucta
1209 583 1341 639 prima
1370 582 1530 638 syllaba
1559 582 1707 624 dixerit

87 646 159 711 '23
214 652 353 709 paullo
393 652 499 694 infra
544 653 617 695 ubi
655 652 704 694 de
744 653 833 694 eius
869 652 1060 708 prosodia.
1095 665 1227 693 sermo
1258 651 1336 693 erit
1365 651 1500 706 aptius
1531 650 1718 706 explana-

96 726 99 730 “
135 741 141 746 -
218 720 367 763 bimus.
429 722 480 761 In
502 721 585 767 ,hoc
614 721 765 762 scilicet
793 720 956 762 nomine
993 734 1083 761 cum
1122 720 1228 761 alius
1266 720 1390 761 aliam
1422 719 1627 761 scribendi
1657 733 1718 760 ra-

216 789 371 831 tionem
401 794 655 843 sequeretur,
701 789 854 845 pariter
890 802 1029 831 omnes
1060 794 1100 831 et
1127 803 1262 831 rerum
1293 792 1475 831 auctores
1505 792 1547 830 et
1575 791 1718 844 poetae

216 857 260 898 in
291 857 480 913 perfectis
509 861 672 911 repperi
696 859 843 900 rettuli
869 859 1038 911 reppuli
1063 858 1220 898 rettudi
1246 871 1291 898 ac
1320 856 1463 898 formis
1493 856 1589 898 inde
1616 855 1719 897 deri-

213 926 322 968 vatis
347 940 378 980 p
409 931 450 968 et
480 932 497 967 t
524 940 720 968 consonas
749 931 914 982 propter
944 926 1229 982 etymologiam
1260 941 1418 982 semper
1446 925 1717 981 geminarunt,

0 1017 52 1087 ff
214 994 376 1049 quando
406 994 477 1036 illa
513 995 677 1050 quidem
713 999 897 1051 tempora
934 1009 984 1037 ex
1021 999 1206 1049 repeperi
1232 996 1399 1037 retetuli
1425 996 1615 1049 repepuli
1642 999 1716 1035 cet.

215 1063 317 1106 elisa
346 1063 482 1106 littera
511 1079 531 1105 e
560 1064 810 1120 prodierunt,
842 1065 888 1106 cf.
918 1064 1140 1106 Corssenus
1169 1065 1200 1107 I.
1234 1079 1272 1119 p.
1295 1064 1362 1106 38.
1420 1064 1563 1117 Itaque
1593 1063 1718 1105 etiam

215 1132 404 1175 Catullus
435 1132 682 1185 LXXVIIII,
712 1134 739 1174 4
770 1137 994 1187 reppererit
1022 1132 1233 1188 scripsisse
1264 1132 1488 1174 censendus
1517 1136 1581 1174 est
1608 1131 1719 1186 quod

0 1206 51 1257 {egs-
87 1212 92 1215 *
214 1201 325 1242 solus
357 1201 522 1244 exhibet
540 1201 725 1243 Datanus
758 1202 903 1243 ceteris
931 1207 971 1243 et
999 1202 1161 1257 optimis
1194 1201 1359 1255 quidem
1391 1205 1587 1254 repererit
1604 1205 1718 1242 tuen-

6 1262 56 1325 s?
74 1276 87 1325 f
216 1269 328 1313 tibus
357 1274 486 1313 metro
516 1284 596 1313 non
626 1271 943 1327 accomodatum.

0 1328 53 1400 ξεῖ-,ζ
94 1354 98 1358 ’
330 1339 464 1381 Verbo
496 1340 693 1393 attingam
723 1339 896 1381 eundem
925 1340 1021 1381 Dati
1051 1340 1227 1381 codicem
1258 1353 1327 1394 pro
1359 1341 1505 1381 aridus
1534 1343 1717 1381 constan-

0 1395 55 1447 ἕ)
214 1411 277 1449 ter
307 1409 476 1450 arridae
504 1410 694 1464 praebere
723 1408 755 1456 I,
789 1409 814 1450 2
846 1412 886 1450 et
916 1407 1191 1459 XXXXVIII,
1223 1409 1250 1451 5
1285 1407 1393 1449 idem
1430 1407 1539 1461 quod
1567 1408 1612 1449 in
1641 1407 1717 1449 Lu-

213 1544 373 1587 inutilis
404 1546 503 1587 haec
533 1546 587 1588 sit
616 1546 837 1602 scriptura,
869 1547 975 1588 ultro
1006 1546 1176 1600 quisque
1207 1545 1531 1601 comprehendet:
1565 1561 1660 1588 nam
1693 1560 1717 1586 a

200 1612 347 1655 'littera
377 1613 462 1655 iam
490 1628 563 1669 per
593 1629 636 1656 se
666 1615 862 1671 producta
882 1620 952 1657 est.
985 1641 1041 1646 —-
1072 1616 1222 1657 Contra
1247 1629 1317 1670 pro
1347 1630 1488 1657 rusam
1509 1615 1714 1670 gingivam

214 1681 464 1734 XXXVIIII,
498 1684 549 1726 19
580 1684 863 1726 Lachmannus
902 1685 1052 1727 rectius
1083 1698 1246 1726 russam
1290 1684 1499 1740 impressit
1528 1684 1644 1726 velut
1672 1687 1715 1725 in

212 1749 325 1793 Lucr.
358 1751 449 1801 IIII,
482 1753 535 1793 75
566 1766 761 1807 russaque
791 1753 881 1795 vela
911 1753 1075 1809 scripsit
1094 1757 1307 1808 propterea
1327 1753 1434 1806 quod
1455 1753 1569 1794 radix
1592 1753 1713 1794 huius

212 1820 402 1861 vacabuli
437 1834 527 1862 cum
566 1821 773 1864 similibus
810 1836 968 1878 semper
997 1836 1030 1864 u
1060 1823 1227 1865 brevem
1256 1822 1380 1865 habet
1409 1826 1448 1864 et
1476 1821 1584 1876 quod
1605 1822 1715 1877 Apu-

211 1880 319 1930 leius
347 1889 454 1944 apol.
487 1903 525 1944 p.
549 1890 631 1932 393
654 1891 852 1941 Oudend„
883 1891 955 1944 qui
984 1905 1125 1932 versus
1155 1891 1278 1932 huius
1309 1891 1498 1931 carminis
1526 1893 1577 1933 18
1599 1895 1640 1931 et
1663 1891 1714 1932 19

212 1957 401 2012 respexit,
434 1957 534 1998 item
563 1970 726 1999 russam
754 1959 854 2012 legit
883 1959 1020 2001 littera
1049 1974 1070 2000 s
1100 1958 1308 2014 duplicata
1344 1959 1392 2001 cf.
1425 1958 1550 1999 etiam
1579 1958 1715 1999 lauces

211 2038 354 2067 russae
393 2025 496 2069 Enn.
544 2026 662 2081 Trag.
702 2027 790 2071 rell.
834 2029 919 2071 356
958 2028 1064 2080 Rib„
1100 2027 1207 2069 russi
1245 2026 1391 2069 Batavi
1426 2027 1543 2069 Mart.
1576 2025 1714 2077 XIIII,

0 1970 24 1998 ’ἲ

0 2048 68 2159 ξ
215 2094 309 2144 176,
343 2096 379 2136 1.

0 2161 106 2220 &³2:1²
162 2171 165 2173 ’

0 2219 12 2245 ,

5 2276 43 2304 ,ὃ

325 2162 375 2204 In
405 2162 600 2207 electione
630 2165 938 2209 consonantium
968 2165 1100 2222 primo
1130 2165 1217 2208 loco
1248 2164 1464 2207 dicendum
1495 2169 1558 2206 est

61 2283 75 2291 Μ
324 2233 362 2272 7.
395 2231 444 2273 de
473 2234 498 2272 lz
528 2233 668 2274 littera
697 2247 801 2287 quae
832 2249 924 2277 cum
954 2249 1128 2290 pervaga
1158 2235 1212 2275 sit
1241 2240 1362 2287 atque
1391 2233 1623 2288 pertenuis,
1655 2234 1714 2273 di*-

40 2296 64 2336 ι’
129 2313 132 2317 ·
210 2312 348 2342 versas
378 2314 450 2356 per
480 2301 676 2357 temporis
696 2316 932 2358 processum
962 2303 1206 2345 mutationes
1235 2316 1357 2359 passa
1377 2306 1439 2344 est
1469 2301 1520 2345 cf.
1541 2301 1713 2353 Quintil.

207 2368 242 2418 I,
270 2370 312 2419 5,
348 2370 411 2411 19.
470 2371 607 2425 Atque
637 2371 718 2413 ista
748 2372 836 2412 eius
867 2372 908 2413 in
940 2372 1149 2414 scribendo
1180 2371 1485 2425 omittendoque
1504 2370 1714 2412 fluctuatio

206 2449 311 2490 quae
343 2436 388 2478 in
417 2438 720 2493 antiquissimis
740 2445 886 2484 ,tamen
917 2440 1252 2497 inscriptionibus
1271 2439 1455 2482 nondum
1483 2439 1615 2482 locum
1647 2439 1714 2480 ob-

205 2504 334 2555 tinet,
376 2506 472 2548 inde
509 2522 533 2549 a
564 2509 746 2551 Caesaris
787 2514 920 2551 aetate
956 2510 1087 2563 magis
1127 2509 1336 2564 magisque
1378 2508 1582 2551 increbuit
1610 2512 1714 2550 teste

124 2595 132 2598 ··
207 2573 406 2629 Corsseno
438 2576 457 2617 I
487 2591 527 2632 p.
555 2579 646 2622 103.
708 2578 824 2628 Quo'd
856 2594 946 2622 cum
974 2579 1034 2622 ita
1063 2578 1129 2629 sit,
1161 2592 1241 2620 non
1272 2578 1487 2621 defuerunt
1515 2591 1713 2633 gramma-

206 2641 279 2685 tici
310 2657 384 2686 nec
414 2646 660 2689 vetustiores
690 2661 762 2689 nec
792 2647 1034 2690 recentiores
1077 2647 1147 2702 qui
1189 2648 1234 2689 in
1269 2648 1461 2702 ambigua
1488 2661 1530 2688 re
1561 2650 1714 2688 certam

163 2758 175 2762 ,,
206 2713 413 2756 scribendi
444 2717 714 2758 constantiam
751 2722 925 2760 statuere
973 2732 1044 2773 pro
1095 2732 1138 2759 se
1181 2718 1353 2773 quisque
1384 2717 1612 2767 studerent,
1644 2715 1716 2757 sed

166 2790 168 2792 '
205 2796 298 2825 cum
331 2783 512 2840 plerique
543 2785 755 2829 subtiliore
786 2787 960 2842 quadam
991 2787 1217 2842 cognitione
1247 2793 1287 2830 et
1307 2787 1486 2830 doctrina
1512 2798 1592 2841 qua
1612 2798 1714 2843 opus

216 1476 329 1518 cretii
361 1476 564 1527 Quadrato
601 1477 783 1519 accidere
821 1482 960 1519 monet
988 1477 1226 1518 Bouterwek
1262 1476 1289 1518 l.
1319 1490 1358 1518 n.
1391 1491 1430 1532 p.
1463 1478 1528 1519 16.
1588 1479 1717 1527 Quam
1800 1497 1802 1499 >
