<?xml version="1.0" encoding="UTF-8"?>
<!DOCTYPE html PUBLIC "-//W3C//DTD XHTML 1.0 Transitional//EN"
    "http://www.w3.org/TR/xhtml1/DTD/xhtml1-transitional.dtd">
<html xmlns="http://www.w3.org/1999/xhtml" xml:lang="en" lang="en">
 <head>
  <title>
</title>
<meta http-equiv="Content-Type" content="text/html;charset=utf-8" />
  <meta name='ocr-system' content='tesseract 3.04.00' />
  <meta name='ocr-capabilities' content='ocr_page ocr_carea ocr_par ocr_line ocrx_word'/>
</head>
<body>
  <div class='ocr_page' id='page_1' title='image "4737845_0062.png"; bbox 0 0 1923 3104; ppageno 0'>
   <div class='ocr_carea' id='block_1_1' title="bbox 0 0 454 324">
    <p class='ocr_par' dir='ltr' id='par_1_1' title="bbox 0 0 454 324">
     <span class='ocr_line' id='line_1_1' title="bbox 0 0 454 324; baseline 0 -181"><span class='ocrx_word' id='word_1_1' title='bbox 0 0 454 324; x_wconf 95' lang='lat' dir='ltr'>   </span> 
     </span>
    </p>
   </div>
   <div class='ocr_carea' id='block_1_2' title="bbox 891 68 962 133">
    <p class='ocr_par' dir='ltr' id='par_1_2' title="bbox 891 68 962 133">
     <span class='ocr_line' id='line_1_2' title="bbox 891 68 962 133; baseline 0.014 -1"><span class='ocrx_word' id='word_1_2' title='bbox 891 68 962 133; x_wconf 45' lang='lat'>⁷49</span> 
     </span>
    </p>
   </div>
   <div class='ocr_carea' id='block_1_3' title="bbox 790 149 1062 155">
    <p class='ocr_par' dir='ltr' id='par_1_3' title="bbox 790 149 1062 155">
     <span class='ocr_line' id='line_1_3' title="bbox 790 149 1062 155; baseline 0 0"><span class='ocrx_word' id='word_1_3' title='bbox 790 149 1062 155; x_wconf 95' lang='lat' dir='ltr'> </span> 
     </span>
    </p>
   </div>
   <div class='ocr_carea' id='block_1_4' title="bbox 0 212 1679 1163">
    <p class='ocr_par' dir='ltr' id='par_1_4' title="bbox 0 212 1679 1163">
     <span class='ocr_line' id='line_1_4' title="bbox 165 212 1679 279; baseline 0 -20"><span class='ocrx_word' id='word_1_4' title='bbox 165 212 234 273; x_wconf 58' lang='grc' dir='ltr'>110ι</span> <span class='ocrx_word' id='word_1_5' title='bbox 237 255 240 275; x_wconf 86' lang='lat'><strong><em>;</em></strong></span> <span class='ocrx_word' id='word_1_6' title='bbox 267 215 474 279; x_wconf 77' lang='lat' dir='ltr'><strong>pedestres</strong></span> <span class='ocrx_word' id='word_1_7' title='bbox 514 218 678 274; x_wconf 88' lang='lat' dir='ltr'>quidem</span> <span class='ocrx_word' id='word_1_8' title='bbox 716 215 933 272; x_wconf 82' lang='lat' dir='ltr'>scriptores</span> <span class='ocrx_word' id='word_1_9' title='bbox 963 216 1200 260; x_wconf 80' lang='lat' dir='ltr'>dubitarunt</span> <span class='ocrx_word' id='word_1_10' title='bbox 1228 216 1432 259; x_wconf 85' lang='lat' dir='ltr'>breviores</span> <span class='ocrx_word' id='word_1_11' title='bbox 1468 215 1563 259; x_wconf 86' lang='lat' dir='ltr'>illas</span> <span class='ocrx_word' id='word_1_12' title='bbox 1593 230 1679 259; x_wconf 90' lang='lat' dir='ltr'>ver-</span> 
     </span>
     <span class='ocr_line' id='line_1_5' title="bbox 153 285 1678 343; baseline -0.002 -12"><span class='ocrx_word' id='word_1_13' title='bbox 153 290 319 339; x_wconf 26' lang='lat' dir='ltr'>«burum</span> <span class='ocrx_word' id='word_1_14' title='bbox 373 288 517 330; x_wconf 86' lang='lat' dir='ltr'>formas</span> <span class='ocrx_word' id='word_1_15' title='bbox 551 285 789 343; x_wconf 88' lang='lat' dir='ltr'>praesertim</span> <span class='ocrx_word' id='word_1_16' title='bbox 824 285 948 327; x_wconf 83' lang='lat' dir='ltr'>futuri</span> <span class='ocrx_word' id='word_1_17' title='bbox 985 285 1114 327; x_wconf 81' lang='lat' dir='ltr'><strong>exacti</strong></span> <span class='ocrx_word' id='word_1_18' title='bbox 1151 285 1358 328; x_wconf 87' lang='lat' dir='ltr'>interdum</span> <span class='ocrx_word' id='word_1_19' title='bbox 1395 285 1586 328; x_wconf 89' lang='lat' dir='ltr'>adhibere</span> <span class='ocrx_word' id='word_1_20' title='bbox 1627 287 1678 328; x_wconf 84' lang='lat' dir='ltr'>cf.</span> 
     </span>
     <span class='ocr_line' id='line_1_6' title="bbox 168 353 1679 411; baseline 0 -14"><span class='ocrx_word' id='word_1_21' title='bbox 168 355 324 411; x_wconf 70' lang='lat' dir='ltr'>Reisig.</span> <span class='ocrx_word' id='word_1_22' title='bbox 344 370 348 374; x_wconf 74' lang='grc'>’</span> <span class='ocrx_word' id='word_1_23' title='bbox 370 356 492 400; x_wconf 89' lang='lat' dir='ltr'>schol.</span> <span class='ocrx_word' id='word_1_24' title='bbox 534 356 618 397; x_wconf 88' lang='lat' dir='ltr'>Lat.</span> <span class='ocrx_word' id='word_1_25' title='bbox 659 354 683 409; x_wconf 66' lang='grc' dir='ltr'><strong>ξ</strong></span> <span class='ocrx_word' id='word_1_26' title='bbox 725 355 806 397; x_wconf 87' lang='grc'>144</span> <span class='ocrx_word' id='word_1_27' title='bbox 837 353 862 394; x_wconf 91' lang='lat' dir='ltr'>d</span> <span class='ocrx_word' id='word_1_28' title='bbox 893 367 982 395; x_wconf 91' lang='lat' dir='ltr'>cum</span> <span class='ocrx_word' id='word_1_29' title='bbox 1014 358 1110 401; x_wconf 91' lang='lat' dir='ltr'>nota</span> <span class='ocrx_word' id='word_1_30' title='bbox 1139 354 1293 395; x_wconf 83' lang='lat' dir='ltr'>Haasii.</span> <span class='ocrx_word' id='word_1_31' title='bbox 1354 353 1467 403; x_wconf 84' lang='lat' dir='ltr'><strong>Quae</strong></span> <span class='ocrx_word' id='word_1_32' title='bbox 1498 368 1590 396; x_wconf 91' lang='lat' dir='ltr'>cum</span> <span class='ocrx_word' id='word_1_33' title='bbox 1620 355 1679 397; x_wconf 90' lang='lat' dir='ltr'>ita</span> 
     </span>
     <span class='ocr_line' id='line_1_7' title="bbox 175 421 1679 480; baseline 0 -15"><span class='ocrx_word' id='word_1_34' title='bbox 175 423 273 476; x_wconf 86' lang='lat' dir='ltr'>sint,</span> <span class='ocrx_word' id='word_1_35' title='bbox 305 425 371 467; x_wconf 85' lang='lat' dir='ltr'>vix</span> <span class='ocrx_word' id='word_1_36' title='bbox 401 425 616 480; x_wconf 89' lang='lat' dir='ltr'>quisquam</span> <span class='ocrx_word' id='word_1_37' title='bbox 646 422 863 463; x_wconf 83' lang='lat' dir='ltr'>mirabitur</span> <span class='ocrx_word' id='word_1_38' title='bbox 893 421 1001 475; x_wconf 91' lang='lat' dir='ltr'>quod</span> <span class='ocrx_word' id='word_1_39' title='bbox 1032 421 1157 463; x_wconf 90' lang='lat' dir='ltr'>etiam</span> <span class='ocrx_word' id='word_1_40' title='bbox 1186 422 1293 478; x_wconf 87' lang='lat' dir='ltr'>apud</span> <span class='ocrx_word' id='word_1_41' title='bbox 1316 422 1521 465; x_wconf 87' lang='lat' dir='ltr'>Catullum</span> <span class='ocrx_word' id='word_1_42' title='bbox 1550 423 1679 465; x_wconf 80' lang='lat' dir='ltr'>multa</span> 
     </span>
     <span class='ocr_line' id='line_1_8' title="bbox 176 490 1677 546; baseline -0.001 -10"><span class='ocrx_word' id='word_1_43' title='bbox 176 494 378 537; x_wconf 87' lang='lat' dir='ltr'>eiusmodi</span> <span class='ocrx_word' id='word_1_44' title='bbox 416 491 615 536; x_wconf 82' lang='lat' dir='ltr'>vocabula</span> <span class='ocrx_word' id='word_1_45' title='bbox 653 490 847 533; x_wconf 83' lang='lat' dir='ltr'>mutilata</span> <span class='ocrx_word' id='word_1_46' title='bbox 882 490 1146 533; x_wconf 87' lang='lat' dir='ltr'>inveniuntur</span> <span class='ocrx_word' id='word_1_47' title='bbox 1187 495 1227 533; x_wconf 89' lang='lat' dir='ltr'>et</span> <span class='ocrx_word' id='word_1_48' title='bbox 1261 491 1369 546; x_wconf 92' lang='lat' dir='ltr'>quod</span> <span class='ocrx_word' id='word_1_49' title='bbox 1400 506 1494 534; x_wconf 89' lang='lat' dir='ltr'>sane</span> <span class='ocrx_word' id='word_1_50' title='bbox 1525 492 1677 534; x_wconf 90' lang='lat' dir='ltr'>mirum</span> 
     </span>
     <span class='ocr_line' id='line_1_9' title="bbox 84 550 1678 615; baseline -0.003 -11"><span class='ocrx_word' id='word_1_51' title='bbox 84 587 89 594; x_wconf 85' lang='lat'><em>=</em></span> <span class='ocrx_word' id='word_1_52' title='bbox 135 572 143 579; x_wconf 85' lang='grc'><strong>”</strong></span> <span class='ocrx_word' id='word_1_53' title='bbox 175 568 238 606; x_wconf 84' lang='lat' dir='ltr'>est</span> <span class='ocrx_word' id='word_1_54' title='bbox 273 563 402 604; x_wconf 87' lang='lat' dir='ltr'>multo</span> <span class='ocrx_word' id='word_1_55' title='bbox 441 559 670 615; x_wconf 88' lang='lat' dir='ltr'>compluria</span> <span class='ocrx_word' id='word_1_56' title='bbox 700 573 822 613; x_wconf 89' lang='lat' dir='ltr'>quam</span> <span class='ocrx_word' id='word_1_57' title='bbox 862 559 905 600; x_wconf 89' lang='lat' dir='ltr'>in</span> <span class='ocrx_word' id='word_1_58' title='bbox 926 550 1112 600; x_wconf 40' lang='lat' dir='ltr'>&#39;carmine</span> <span class='ocrx_word' id='word_1_59' title='bbox 1143 560 1393 603; x_wconf 86' lang='lat' dir='ltr'>Lucretiano.</span> <span class='ocrx_word' id='word_1_60' title='bbox 1455 561 1516 601; x_wconf 91' lang='lat' dir='ltr'>En</span> <span class='ocrx_word' id='word_1_61' title='bbox 1547 561 1678 603; x_wconf 84' lang='lat' dir='ltr'>habes</span> 
     </span>
     <span class='ocr_line' id='line_1_10' title="bbox 97 627 1678 688; baseline -0.001 -14"><span class='ocrx_word' id='word_1_62' title='bbox 97 678 99 680; x_wconf 56' lang='grc'>,</span> <span class='ocrx_word' id='word_1_63' title='bbox 177 631 390 688; x_wconf 83' lang='lat' dir='ltr'>exempla:</span> <span class='ocrx_word' id='word_1_64' title='bbox 442 643 513 671; x_wconf 87' lang='lat' dir='ltr'>sex</span> <span class='ocrx_word' id='word_1_65' title='bbox 559 627 768 670; x_wconf 84' lang='lat' dir='ltr'>indicativi</span> <span class='ocrx_word' id='word_1_66' title='bbox 811 627 976 684; x_wconf 86' lang='lat' dir='ltr'>perfecti</span> <span class='ocrx_word' id='word_1_67' title='bbox 1014 642 1116 683; x_wconf 91' lang='lat' dir='ltr'>quae</span> <span class='ocrx_word' id='word_1_68' title='bbox 1154 634 1250 671; x_wconf 89' lang='lat' dir='ltr'>sunt</span> <span class='ocrx_word' id='word_1_69' title='bbox 1285 628 1400 671; x_wconf 88' lang='lat' dir='ltr'>misti</span> <span class='ocrx_word' id='word_1_70' title='bbox 1435 628 1573 680; x_wconf 85' lang='lat' dir='ltr'>XIIII,</span> <span class='ocrx_word' id='word_1_71' title='bbox 1615 631 1678 672; x_wconf 89' lang='lat'>14.</span> 
     </span>
     <span class='ocr_line' id='line_1_11' title="bbox 21 696 1677 752; baseline 0 -13"><span class='ocrx_word' id='word_1_72' title='bbox 21 709 75 744; x_wconf 65' lang='lat' dir='ltr'>‘’f.</span> <span class='ocrx_word' id='word_1_73' title='bbox 175 699 281 752; x_wconf 85' lang='lat' dir='ltr'>luxti</span> <span class='ocrx_word' id='word_1_74' title='bbox 310 698 460 748; x_wconf 84' lang='lat' dir='ltr'>LXVI,</span> <span class='ocrx_word' id='word_1_75' title='bbox 505 699 572 740; x_wconf 84' lang='grc'>21.</span> <span class='ocrx_word' id='word_1_76' title='bbox 604 696 808 751; x_wconf 85' lang='lat' dir='ltr'>subrepsti</span> <span class='ocrx_word' id='word_1_77' title='bbox 838 696 1051 748; x_wconf 87' lang='lat' dir='ltr'>LXXVII,</span> <span class='ocrx_word' id='word_1_78' title='bbox 1090 696 1128 739; x_wconf 88' lang='lat'>3.</span> <span class='ocrx_word' id='word_1_79' title='bbox 1161 697 1279 738; x_wconf 86' lang='lat' dir='ltr'>duxti</span> <span class='ocrx_word' id='word_1_80' title='bbox 1310 697 1539 748; x_wconf 91' lang='lat' dir='ltr'>LXXXXI,</span> <span class='ocrx_word' id='word_1_81' title='bbox 1573 700 1597 740; x_wconf 80' lang='lat'>9</span> <span class='ocrx_word' id='word_1_82' title='bbox 1629 699 1677 739; x_wconf 87' lang='lat' dir='ltr'>cf.</span> 
     </span>
     <span class='ocr_line' id='line_1_12' title="bbox 0 702 1677 825; baseline -0.001 -13"><span class='ocrx_word' id='word_1_83' title='bbox 0 702 33 820; x_wconf 33' lang='lat' dir='ltr'>g*</span> <span class='ocrx_word' id='word_1_84' title='bbox 96 823 99 825; x_wconf 79' lang='lat'>.</span> <span class='ocrx_word' id='word_1_85' title='bbox 174 768 352 823; x_wconf 83' lang='lat' dir='ltr'>Ptopert.</span> <span class='ocrx_word' id='word_1_86' title='bbox 384 767 422 817; x_wconf 90' lang='lat' dir='ltr'>I,</span> <span class='ocrx_word' id='word_1_87' title='bbox 454 767 499 816; x_wconf 85' lang='lat'>3,</span> <span class='ocrx_word' id='word_1_88' title='bbox 539 767 605 808; x_wconf 81' lang='lat'>27.</span> <span class='ocrx_word' id='word_1_89' title='bbox 644 765 835 807; x_wconf 85' lang='lat' dir='ltr'>abstersti</span> <span class='ocrx_word' id='word_1_90' title='bbox 865 765 1193 817; x_wconf 86' lang='lat' dir='ltr'>LXXXXVIIII,</span> <span class='ocrx_word' id='word_1_91' title='bbox 1233 765 1273 810; x_wconf 90' lang='lat'>8.</span> <span class='ocrx_word' id='word_1_92' title='bbox 1306 766 1492 821; x_wconf 88' lang='lat' dir='ltr'>promisti</span> <span class='ocrx_word' id='word_1_93' title='bbox 1523 766 1614 818; x_wconf 85' lang='lat' dir='ltr'>CX,</span> <span class='ocrx_word' id='word_1_94' title='bbox 1650 768 1677 810; x_wconf 89' lang='lat'><strong>3</strong></span> 
     </span>
     <span class='ocr_line' id='line_1_13' title="bbox 0 833 1678 895; baseline 0 -17"><span class='ocrx_word' id='word_1_95' title='bbox 0 841 23 895; x_wconf 49' lang='grc' dir='ltr'><strong>ἦ</strong></span> <span class='ocrx_word' id='word_1_96' title='bbox 81 835 93 844; x_wconf 68' lang='grc'>”</span> <span class='ocrx_word' id='word_1_97' title='bbox 175 836 224 879; x_wconf 84' lang='lat' dir='ltr'>cf.</span> <span class='ocrx_word' id='word_1_98' title='bbox 255 834 385 878; x_wconf 86' lang='lat' dir='ltr'>Plaut.</span> <span class='ocrx_word' id='word_1_99' title='bbox 421 834 533 878; x_wconf 89' lang='lat' dir='ltr'>Curc.</span> <span class='ocrx_word' id='word_1_100' title='bbox 568 834 661 877; x_wconf 83' lang='lat'>705.</span> <span class='ocrx_word' id='word_1_101' title='bbox 697 835 791 877; x_wconf 77' lang='lat'>709.</span> <span class='ocrx_word' id='word_1_102' title='bbox 850 833 1009 876; x_wconf 87' lang='lat' dir='ltr'>Terent.</span> <span class='ocrx_word' id='word_1_103' title='bbox 1042 833 1160 876; x_wconf 89' lang='lat' dir='ltr'>Adel.</span> <span class='ocrx_word' id='word_1_104' title='bbox 1203 834 1295 877; x_wconf 84' lang='lat'>940.</span> <span class='ocrx_word' id='word_1_105' title='bbox 1328 834 1473 876; x_wconf 90' lang='lat' dir='ltr'>deinde</span> <span class='ocrx_word' id='word_1_106' title='bbox 1504 849 1628 878; x_wconf 90' lang='lat' dir='ltr'>unum</span> <span class='ocrx_word' id='word_1_107' title='bbox 1646 835 1678 893; x_wconf 87' lang='lat'>¹)</span> 
     </span>
     <span class='ocr_line' id='line_1_14' title="bbox 0 898 1676 958; baseline -0.001 -12"><span class='ocrx_word' id='word_1_108' title='bbox 0 898 36 939; x_wconf 49' lang='grc' dir='ltr'>ἐκ</span> <span class='ocrx_word' id='word_1_109' title='bbox 175 904 422 946; x_wconf 86' lang='lat' dir='ltr'>coniunctivi</span> <span class='ocrx_word' id='word_1_110' title='bbox 464 903 519 958; x_wconf 88' lang='lat' dir='ltr'>pf.</span> <span class='ocrx_word' id='word_1_111' title='bbox 572 903 673 944; x_wconf 90' lang='lat' dir='ltr'>locis</span> <span class='ocrx_word' id='word_1_112' title='bbox 716 907 887 956; x_wconf 88' lang='lat' dir='ltr'>quatuor</span> <span class='ocrx_word' id='word_1_113' title='bbox 925 902 1092 944; x_wconf 90' lang='lat' dir='ltr'>obvium</span> <span class='ocrx_word' id='word_1_114' title='bbox 1129 904 1238 945; x_wconf 86' lang='lat' dir='ltr'>ausit</span> <span class='ocrx_word' id='word_1_115' title='bbox 1268 903 1379 955; x_wconf 90' lang='lat' dir='ltr'>LXI,</span> <span class='ocrx_word' id='word_1_116' title='bbox 1411 905 1477 946; x_wconf 85' lang='lat'>65.</span> <span class='ocrx_word' id='word_1_117' title='bbox 1510 910 1581 948; x_wconf 78' lang='lat'>70.</span> <span class='ocrx_word' id='word_1_118' title='bbox 1610 905 1676 947; x_wconf 81' lang='lat'>75.</span> 
     </span>
     <span class='ocr_line' id='line_1_15' title="bbox 0 940 1679 1027; baseline 0 -13"><span class='ocrx_word' id='word_1_119' title='bbox 0 940 19 987; x_wconf 54' lang='grc' dir='ltr'><strong>ἓ</strong></span> <span class='ocrx_word' id='word_1_120' title='bbox 50 959 65 969; x_wconf 22' lang='lat' dir='ltr'><strong>g</strong></span> <span class='ocrx_word' id='word_1_121' title='bbox 174 961 324 1023; x_wconf 82' lang='lat' dir='ltr'>LXVI,</span> <span class='ocrx_word' id='word_1_122' title='bbox 366 974 420 1015; x_wconf 82' lang='lat'>28</span> <span class='ocrx_word' id='word_1_123' title='bbox 456 972 635 1025; x_wconf 76' lang='lat' dir='ltr'>itemque</span> <span class='ocrx_word' id='word_1_124' title='bbox 672 985 797 1012; x_wconf 90' lang='lat' dir='ltr'>unum</span> <span class='ocrx_word' id='word_1_125' title='bbox 842 970 1035 1012; x_wconf 87' lang='lat' dir='ltr'>infinitivi</span> <span class='ocrx_word' id='word_1_126' title='bbox 1071 971 1169 1026; x_wconf 87' lang='lat' dir='ltr'>perf.</span> <span class='ocrx_word' id='word_1_127' title='bbox 1206 972 1406 1027; x_wconf 88' lang='lat' dir='ltr'>promisse</span> <span class='ocrx_word' id='word_1_128' title='bbox 1450 972 1541 1023; x_wconf 92' lang='lat' dir='ltr'>CX,</span> <span class='ocrx_word' id='word_1_129' title='bbox 1581 975 1608 1016; x_wconf 81' lang='lat'>5</span> <span class='ocrx_word' id='word_1_130' title='bbox 1638 977 1679 1014; x_wconf 92' lang='lat' dir='ltr'>et</span> 
     </span>
     <span class='ocr_line' id='line_1_16' title="bbox 173 1040 1677 1094; baseline 0.001 -13"><span class='ocrx_word' id='word_1_131' title='bbox 173 1040 384 1082; x_wconf 83' lang='lat' dir='ltr'>indicativi</span> <span class='ocrx_word' id='word_1_132' title='bbox 425 1040 551 1081; x_wconf 91' lang='lat' dir='ltr'>futuri</span> <span class='ocrx_word' id='word_1_133' title='bbox 587 1040 717 1080; x_wconf 86' lang='lat' dir='ltr'>exacti</span> <span class='ocrx_word' id='word_1_134' title='bbox 753 1053 915 1094; x_wconf 88' lang='lat' dir='ltr'>recepso</span> <span class='ocrx_word' id='word_1_135' title='bbox 951 1053 1000 1080; x_wconf 86' lang='lat' dir='ltr'>ex</span> <span class='ocrx_word' id='word_1_136' title='bbox 1031 1040 1273 1094; x_wconf 85' lang='lat' dir='ltr'>receper(s)o</span> <span class='ocrx_word' id='word_1_137' title='bbox 1304 1040 1568 1091; x_wconf 82' lang='lat' dir='ltr'>XXXXIIII,</span> <span class='ocrx_word' id='word_1_138' title='bbox 1616 1041 1677 1082; x_wconf 88' lang='lat'>19.</span> 
     </span>
     <span class='ocr_line' id='line_1_17' title="bbox 176 1106 1677 1163; baseline 0 -14"><span class='ocrx_word' id='word_1_139' title='bbox 176 1107 235 1149; x_wconf 90' lang='lat' dir='ltr'>De</span> <span class='ocrx_word' id='word_1_140' title='bbox 272 1109 463 1150; x_wconf 87' lang='lat' dir='ltr'>universa</span> <span class='ocrx_word' id='word_1_141' title='bbox 505 1121 549 1148; x_wconf 89' lang='lat' dir='ltr'>re</span> <span class='ocrx_word' id='word_1_142' title='bbox 587 1107 788 1163; x_wconf 88' lang='lat' dir='ltr'>praeclare</span> <span class='ocrx_word' id='word_1_143' title='bbox 824 1106 1017 1148; x_wconf 87' lang='lat' dir='ltr'>disseruit</span> <span class='ocrx_word' id='word_1_144' title='bbox 1054 1107 1277 1150; x_wconf 88' lang='lat' dir='ltr'>Corssenus</span> <span class='ocrx_word' id='word_1_145' title='bbox 1316 1107 1358 1148; x_wconf 92' lang='lat' dir='ltr'>II</span> <span class='ocrx_word' id='word_1_146' title='bbox 1397 1123 1434 1163; x_wconf 88' lang='lat' dir='ltr'>p.</span> <span class='ocrx_word' id='word_1_147' title='bbox 1471 1107 1554 1151; x_wconf 85' lang='lat'>553</span> <span class='ocrx_word' id='word_1_148' title='bbox 1590 1121 1677 1162; x_wconf 91' lang='lat' dir='ltr'>sqq.</span> 
     </span>
    </p>
   </div>
   <div class='ocr_carea' id='block_1_5' title="bbox 463 1232 1388 1278">
    <p class='ocr_par' dir='ltr' id='par_1_5' title="bbox 463 1232 1388 1278">
     <span class='ocr_line' id='line_1_18' title="bbox 463 1232 1388 1278; baseline 0 -9"><span class='ocrx_word' id='word_1_149' title='bbox 463 1234 501 1270; x_wconf 83' lang='lat' dir='ltr'>d.</span> <span class='ocrx_word' id='word_1_150' title='bbox 542 1233 597 1268; x_wconf 85' lang='lat' dir='ltr'>De</span> <span class='ocrx_word' id='word_1_151' title='bbox 622 1232 906 1277; x_wconf 83' lang='lat' dir='ltr'>contractione,</span> <span class='ocrx_word' id='word_1_152' title='bbox 932 1232 1100 1277; x_wconf 79' lang='lat' dir='ltr'>synizesi</span> <span class='ocrx_word' id='word_1_153' title='bbox 1125 1233 1166 1269; x_wconf 89' lang='lat' dir='ltr'>et</span> <span class='ocrx_word' id='word_1_154' title='bbox 1190 1233 1388 1278; x_wconf 78' lang='lat' dir='ltr'>synaeresi</span> 
     </span>
    </p>
   </div>
   <div class='ocr_carea' id='block_1_6' title="bbox 1 1301 1720 2522">
    <p class='ocr_par' dir='ltr' id='par_1_6' title="bbox 1 1301 1720 2524">
     <span class='ocr_line' id='line_1_19' title="bbox 175 1301 1676 1356; baseline 0 -14"><span class='ocrx_word' id='word_1_155' title='bbox 175 1302 226 1343; x_wconf 88' lang='lat' dir='ltr'>ad</span> <span class='ocrx_word' id='word_1_156' title='bbox 257 1315 359 1356; x_wconf 89' lang='lat' dir='ltr'>quas</span> <span class='ocrx_word' id='word_1_157' title='bbox 390 1302 433 1343; x_wconf 90' lang='lat' dir='ltr'>in</span> <span class='ocrx_word' id='word_1_158' title='bbox 462 1301 737 1355; x_wconf 82' lang='lat' dir='ltr'>grammaticis</span> <span class='ocrx_word' id='word_1_159' title='bbox 769 1301 832 1342; x_wconf 90' lang='lat' dir='ltr'>his</span> <span class='ocrx_word' id='word_1_160' title='bbox 862 1302 983 1342; x_wconf 90' lang='lat' dir='ltr'>rebus</span> <span class='ocrx_word' id='word_1_161' title='bbox 1013 1315 1120 1342; x_wconf 88' lang='lat' dir='ltr'>nunc</span> <span class='ocrx_word' id='word_1_162' title='bbox 1150 1302 1390 1351; x_wconf 83' lang='lat' dir='ltr'>transimus,</span> <span class='ocrx_word' id='word_1_163' title='bbox 1427 1302 1526 1342; x_wconf 88' lang='lat' dir='ltr'>haec</span> <span class='ocrx_word' id='word_1_164' title='bbox 1555 1301 1676 1343; x_wconf 91' lang='lat' dir='ltr'>habe-</span> 
     </span>
     <span class='ocr_line' id='line_1_20' title="bbox 174 1370 984 1426; baseline -0.001 -14"><span class='ocrx_word' id='word_1_165' title='bbox 174 1383 266 1412; x_wconf 90' lang='lat' dir='ltr'>mus</span> <span class='ocrx_word' id='word_1_166' title='bbox 297 1383 399 1424; x_wconf 90' lang='lat' dir='ltr'>quae</span> <span class='ocrx_word' id='word_1_167' title='bbox 429 1370 473 1411; x_wconf 93' lang='lat' dir='ltr'>in</span> <span class='ocrx_word' id='word_1_168' title='bbox 504 1370 683 1411; x_wconf 89' lang='lat' dir='ltr'>medium</span> <span class='ocrx_word' id='word_1_169' title='bbox 717 1370 984 1426; x_wconf 90' lang='lat' dir='ltr'>proferamus:</span> 
     </span>
     <span class='ocr_line' id='line_1_21' title="bbox 292 1438 1675 1493; baseline 0 -13"><span class='ocrx_word' id='word_1_170' title='bbox 292 1441 326 1480; x_wconf 90' lang='grc'>1..</span> <span class='ocrx_word' id='word_1_171' title='bbox 381 1439 674 1480; x_wconf 84' lang='lat' dir='ltr'>Contractionis</span> <span class='ocrx_word' id='word_1_172' title='bbox 721 1439 770 1479; x_wconf 91' lang='lat' dir='ltr'>de</span> <span class='ocrx_word' id='word_1_173' title='bbox 814 1452 895 1493; x_wconf 89' lang='lat' dir='ltr'>qua</span> <span class='ocrx_word' id='word_1_174' title='bbox 937 1439 1113 1493; x_wconf 91' lang='lat' dir='ltr'>primum</span> <span class='ocrx_word' id='word_1_175' title='bbox 1144 1439 1261 1480; x_wconf 86' lang='lat' dir='ltr'>nobis</span> <span class='ocrx_word' id='word_1_176' title='bbox 1292 1438 1571 1480; x_wconf 89' lang='lat' dir='ltr'>disserendum</span> <span class='ocrx_word' id='word_1_177' title='bbox 1602 1445 1675 1490; x_wconf 87' lang='lat' dir='ltr'>est,</span> 
     </span>
     <span class='ocr_line' id='line_1_22' title="bbox 94 1507 1674 1572; baseline 0 -24"><span class='ocrx_word' id='word_1_178' title='bbox 94 1556 100 1572; x_wconf 74' lang='lat'>.</span> <span class='ocrx_word' id='word_1_179' title='bbox 172 1507 530 1561; x_wconf 82' lang='lat' dir='ltr'>frequentissimus</span> <span class='ocrx_word' id='word_1_180' title='bbox 560 1520 660 1548; x_wconf 91' lang='lat' dir='ltr'>usus</span> <span class='ocrx_word' id='word_1_181' title='bbox 691 1507 865 1548; x_wconf 88' lang='lat' dir='ltr'>cernitur</span> <span class='ocrx_word' id='word_1_182' title='bbox 895 1507 935 1548; x_wconf 90' lang='lat' dir='ltr'>in</span> <span class='ocrx_word' id='word_1_183' title='bbox 970 1507 1156 1562; x_wconf 86' lang='lat' dir='ltr'>perfectis</span> <span class='ocrx_word' id='word_1_184' title='bbox 1187 1511 1260 1549; x_wconf 86' lang='lat' dir='ltr'>act.</span> <span class='ocrx_word' id='word_1_185' title='bbox 1293 1507 1436 1548; x_wconf 84' lang='lat' dir='ltr'>suffixo</span> <span class='ocrx_word' id='word_1_186' title='bbox 1467 1511 1511 1548; x_wconf 77' lang='lat' dir='ltr'>vi</span> <span class='ocrx_word' id='word_1_187' title='bbox 1535 1507 1674 1548; x_wconf 89' lang='lat' dir='ltr'>termi-</span> 
     </span>
     <span class='ocr_line' id='line_1_23' title="bbox 112 1568 1675 1630; baseline 0 -13"><span class='ocrx_word' id='word_1_188' title='bbox 112 1568 117 1572; x_wconf 57' lang='grc'><strong>’</strong></span> <span class='ocrx_word' id='word_1_189' title='bbox 171 1575 291 1619; x_wconf 86' lang='lat' dir='ltr'>natis,</span> <span class='ocrx_word' id='word_1_190' title='bbox 353 1575 550 1617; x_wconf 82' lang='lat' dir='ltr'>Consistit</span> <span class='ocrx_word' id='word_1_191' title='bbox 590 1580 725 1617; x_wconf 90' lang='lat' dir='ltr'>autem</span> <span class='ocrx_word' id='word_1_192' title='bbox 764 1575 805 1616; x_wconf 92' lang='lat' dir='ltr'>in</span> <span class='ocrx_word' id='word_1_193' title='bbox 848 1589 913 1626; x_wconf 92' lang='lat' dir='ltr'>eo,</span> <span class='ocrx_word' id='word_1_194' title='bbox 961 1579 1005 1616; x_wconf 79' lang='lat' dir='ltr'>ut</span> <span class='ocrx_word' id='word_1_195' title='bbox 1034 1575 1192 1617; x_wconf 90' lang='lat' dir='ltr'>vocales</span> <span class='ocrx_word' id='word_1_196' title='bbox 1230 1575 1483 1630; x_wconf 84' lang='lat' dir='ltr'>copulativae</span> <span class='ocrx_word' id='word_1_197' title='bbox 1525 1576 1675 1629; x_wconf 88' lang='lat' dir='ltr'>quibus</span> 
     </span>
     <span class='ocr_line' id='line_1_24' title="bbox 174 1643 1675 1698; baseline 0 -13"><span class='ocrx_word' id='word_1_198' title='bbox 174 1643 357 1698; x_wconf 83' lang='lat' dir='ltr'>singulae</span> <span class='ocrx_word' id='word_1_199' title='bbox 395 1644 499 1686; x_wconf 86' lang='lat' dir='ltr'>inter</span> <span class='ocrx_word' id='word_1_200' title='bbox 530 1658 570 1685; x_wconf 90' lang='lat' dir='ltr'>se</span> <span class='ocrx_word' id='word_1_201' title='bbox 602 1644 907 1698; x_wconf 85' lang='lat' dir='ltr'>distinguuntur</span> <span class='ocrx_word' id='word_1_202' title='bbox 938 1643 1252 1698; x_wconf 85' lang='lat' dir='ltr'>coniugationes.</span> <span class='ocrx_word' id='word_1_203' title='bbox 1291 1643 1428 1684; x_wconf 87' lang='lat' dir='ltr'>littera</span> <span class='ocrx_word' id='word_1_204' title='bbox 1457 1660 1479 1684; x_wconf 81' lang='grc' dir='ltr'><strong><em>υ</em></strong></span> <span class='ocrx_word' id='word_1_205' title='bbox 1511 1650 1675 1687; x_wconf 87' lang='lat' dir='ltr'>extrusa</span> 
     </span>
     <span class='ocr_line' id='line_1_25' title="bbox 174 1705 1674 1766; baseline 0.001 -14"><span class='ocrx_word' id='word_1_206' title='bbox 174 1705 264 1753; x_wconf 86' lang='lat' dir='ltr'>cum</span> <span class='ocrx_word' id='word_1_207' title='bbox 295 1712 503 1754; x_wconf 90' lang='lat' dir='ltr'>vocalibus</span> <span class='ocrx_word' id='word_1_208' title='bbox 539 1728 559 1753; x_wconf 82' lang='lat' dir='ltr'>e</span> <span class='ocrx_word' id='word_1_209' title='bbox 601 1716 640 1752; x_wconf 87' lang='lat' dir='ltr'>et</span> <span class='ocrx_word' id='word_1_210' title='bbox 681 1716 700 1752; x_wconf 73' lang='lat' dir='ltr'>i</span> <span class='ocrx_word' id='word_1_211' title='bbox 725 1726 795 1766; x_wconf 88' lang='lat' dir='ltr'>per</span> <span class='ocrx_word' id='word_1_212' title='bbox 825 1725 924 1765; x_wconf 88' lang='lat' dir='ltr'>quas</span> <span class='ocrx_word' id='word_1_213' title='bbox 954 1712 1114 1753; x_wconf 83' lang='lat' dir='ltr'>termini</span> <span class='ocrx_word' id='word_1_214' title='bbox 1145 1712 1437 1765; x_wconf 74' lang='lat' dir='ltr'>adiunguntur,</span> <span class='ocrx_word' id='word_1_215' title='bbox 1479 1713 1521 1753; x_wconf 89' lang='lat' dir='ltr'>in</span> <span class='ocrx_word' id='word_1_216' title='bbox 1552 1712 1674 1754; x_wconf 82' lang='lat' dir='ltr'>unam</span> 
     </span>
     <span class='ocr_line' id='line_1_26' title="bbox 173 1779 1675 1836; baseline 0.001 -15"><span class='ocrx_word' id='word_1_217' title='bbox 173 1779 377 1834; x_wconf 88' lang='lat' dir='ltr'>syllabam</span> <span class='ocrx_word' id='word_1_218' title='bbox 417 1780 644 1822; x_wconf 87' lang='lat' dir='ltr'>coalescant</span> <span class='ocrx_word' id='word_1_219' title='bbox 682 1780 748 1834; x_wconf 85' lang='lat' dir='ltr'>(cf.</span> <span class='ocrx_word' id='word_1_220' title='bbox 783 1780 864 1822; x_wconf 91' lang='lat' dir='ltr'>Cic.</span> <span class='ocrx_word' id='word_1_221' title='bbox 903 1794 960 1822; x_wconf 87' lang='lat' dir='ltr'>or.</span> <span class='ocrx_word' id='word_1_222' title='bbox 991 1781 1045 1822; x_wconf 86' lang='lat'>47</span> <span class='ocrx_word' id='word_1_223' title='bbox 1078 1783 1103 1832; x_wconf 68' lang='grc' dir='ltr'>ξ</span> <span class='ocrx_word' id='word_1_224' title='bbox 1138 1780 1250 1836; x_wconf 84' lang='lat'>157).</span> <span class='ocrx_word' id='word_1_225' title='bbox 1313 1780 1442 1834; x_wconf 89' lang='lat' dir='ltr'>Atque</span> <span class='ocrx_word' id='word_1_226' title='bbox 1473 1786 1675 1836; x_wconf 87' lang='lat' dir='ltr'>correptas</span> 
     </span>
     <span class='ocr_line' id='line_1_27' title="bbox 174 1847 1674 1903; baseline 0.001 -13"><span class='ocrx_word' id='word_1_227' title='bbox 174 1847 250 1890; x_wconf 87' lang='lat' dir='ltr'>hoc</span> <span class='ocrx_word' id='word_1_228' title='bbox 298 1849 418 1891; x_wconf 91' lang='lat' dir='ltr'>modo</span> <span class='ocrx_word' id='word_1_229' title='bbox 463 1851 681 1892; x_wconf 89' lang='lat' dir='ltr'>verborum</span> <span class='ocrx_word' id='word_1_230' title='bbox 730 1850 879 1890; x_wconf 88' lang='lat' dir='ltr'>formas</span> <span class='ocrx_word' id='word_1_231' title='bbox 928 1862 1029 1902; x_wconf 89' lang='lat' dir='ltr'>quae</span> <span class='ocrx_word' id='word_1_232' title='bbox 1078 1849 1252 1890; x_wconf 80' lang='lat' dir='ltr'>maxime</span> <span class='ocrx_word' id='word_1_233' title='bbox 1310 1849 1438 1903; x_wconf 83' lang='lat' dir='ltr'>poetis</span> <span class='ocrx_word' id='word_1_234' title='bbox 1494 1850 1674 1891; x_wconf 88' lang='lat' dir='ltr'>cuiusvis</span> 
     </span>
     <span class='ocr_line' id='line_1_28' title="bbox 172 1916 1674 1976; baseline 0.001 -18"><span class='ocrx_word' id='word_1_235' title='bbox 172 1917 328 1970; x_wconf 85' lang='lat' dir='ltr'>generis</span> <span class='ocrx_word' id='word_1_236' title='bbox 360 1924 400 1959; x_wconf 91' lang='lat' dir='ltr'>et</span> <span class='ocrx_word' id='word_1_237' title='bbox 429 1917 572 1959; x_wconf 84' lang='lat' dir='ltr'>aetatis</span> <span class='ocrx_word' id='word_1_238' title='bbox 603 1924 698 1976; x_wconf 82' lang='lat' dir='ltr'>sunt</span> <span class='ocrx_word' id='word_1_239' title='bbox 727 1918 900 1959; x_wconf 83' lang='lat' dir='ltr'>usitatae</span> <span class='ocrx_word' id='word_1_240' title='bbox 931 1917 979 1958; x_wconf 88' lang='lat' dir='ltr'>de</span> <span class='ocrx_word' id='word_1_241' title='bbox 1007 1931 1129 1959; x_wconf 83' lang='lat' dir='ltr'>causa</span> <span class='ocrx_word' id='word_1_242' title='bbox 1150 1917 1248 1959; x_wconf 81' lang='lat' dir='ltr'>satis</span> <span class='ocrx_word' id='word_1_243' title='bbox 1270 1916 1460 1968; x_wconf 88' lang='lat' dir='ltr'>dilucida,</span> <span class='ocrx_word' id='word_1_244' title='bbox 1483 1932 1539 1959; x_wconf 63' lang='lat' dir='ltr'>&gt;ei(</span> <span class='ocrx_word' id='word_1_245' title='bbox 1559 1923 1674 1974; x_wconf 81' lang='lat' dir='ltr'>parte</span> 
     </span>
     <span class='ocr_line' id='line_1_29' title="bbox 171 1985 1675 2041; baseline 0.001 -15"><span class='ocrx_word' id='word_1_246' title='bbox 171 1985 239 2026; x_wconf 86' lang='lat' dir='ltr'>vel</span> <span class='ocrx_word' id='word_1_247' title='bbox 294 2000 440 2041; x_wconf 89' lang='lat' dir='ltr'>prosae</span> <span class='ocrx_word' id='word_1_248' title='bbox 490 1986 702 2041; x_wconf 85' lang='lat' dir='ltr'>scriptores</span> <span class='ocrx_word' id='word_1_249' title='bbox 746 1987 824 2029; x_wconf 89' lang='lat' dir='ltr'>sibi</span> <span class='ocrx_word' id='word_1_250' title='bbox 867 1992 1170 2037; x_wconf 83' lang='lat' dir='ltr'>concesserunt,</span> <span class='ocrx_word' id='word_1_251' title='bbox 1221 1987 1319 2039; x_wconf 88' lang='lat' dir='ltr'>quin</span> <span class='ocrx_word' id='word_1_252' title='bbox 1357 2000 1507 2041; x_wconf 88' lang='lat' dir='ltr'>paucae</span> <span class='ocrx_word' id='word_1_253' title='bbox 1538 1993 1675 2028; x_wconf 84' lang='lat' dir='ltr'>extant</span> 
     </span>
     <span class='ocr_line' id='line_1_30' title="bbox 97 2053 1671 2111; baseline 0.002 -17"><span class='ocrx_word' id='word_1_254' title='bbox 97 2074 102 2076; x_wconf 87' lang='lat'><em>-</em></span> <span class='ocrx_word' id='word_1_255' title='bbox 172 2065 275 2106; x_wconf 87' lang='lat' dir='ltr'>quas</span> <span class='ocrx_word' id='word_1_256' title='bbox 316 2053 396 2095; x_wconf 88' lang='lat' dir='ltr'>nisi</span> <span class='ocrx_word' id='word_1_257' title='bbox 438 2059 660 2096; x_wconf 79' lang='lat' dir='ltr'>contractas</span> <span class='ocrx_word' id='word_1_258' title='bbox 700 2069 797 2096; x_wconf 81' lang='lat' dir='ltr'>usus</span> <span class='ocrx_word' id='word_1_259' title='bbox 835 2055 1057 2096; x_wconf 88' lang='lat' dir='ltr'>communis</span> <span class='ocrx_word' id='word_1_260' title='bbox 1094 2069 1172 2096; x_wconf 86' lang='lat' dir='ltr'>non</span> <span class='ocrx_word' id='word_1_261' title='bbox 1215 2054 1402 2110; x_wconf 89' lang='lat' dir='ltr'>probavit</span> <span class='ocrx_word' id='word_1_262' title='bbox 1437 2055 1485 2096; x_wconf 87' lang='lat' dir='ltr'>cf.</span> <span class='ocrx_word' id='word_1_263' title='bbox 1523 2054 1671 2111; x_wconf 86' lang='lat' dir='ltr'>Reisig.</span> 
     </span>
     <span class='ocr_line' id='line_1_31' title="bbox 170 2119 1671 2178; baseline 0.003 -17"><span class='ocrx_word' id='word_1_264' title='bbox 170 2119 196 2164; x_wconf 90' lang='lat' dir='ltr'>l·.</span> <span class='ocrx_word' id='word_1_265' title='bbox 227 2135 266 2162; x_wconf 92' lang='lat' dir='ltr'>n.</span> <span class='ocrx_word' id='word_1_266' title='bbox 300 2124 324 2174; x_wconf 68' lang='grc' dir='ltr'><strong><em>ξ</em></strong></span> <span class='ocrx_word' id='word_1_267' title='bbox 361 2121 473 2164; x_wconf 79' lang='grc'>1431)</span> <span class='ocrx_word' id='word_1_268' title='bbox 505 2137 595 2164; x_wconf 89' lang='lat' dir='ltr'>cum</span> <span class='ocrx_word' id='word_1_269' title='bbox 627 2127 721 2164; x_wconf 87' lang='lat' dir='ltr'>nota</span> <span class='ocrx_word' id='word_1_270' title='bbox 750 2123 904 2164; x_wconf 84' lang='lat' dir='ltr'>Haasii.</span> <span class='ocrx_word' id='word_1_271' title='bbox 969 2123 1122 2165; x_wconf 71' lang='lat' dir='ltr'>Catulli</span> <span class='ocrx_word' id='word_1_272' title='bbox 1149 2123 1310 2176; x_wconf 87' lang='lat' dir='ltr'>quidem</span> <span class='ocrx_word' id='word_1_273' title='bbox 1341 2128 1388 2164; x_wconf 91' lang='lat' dir='ltr'>ut</span> <span class='ocrx_word' id='word_1_274' title='bbox 1417 2137 1671 2178; x_wconf 87' lang='lat' dir='ltr'>apponamus</span> 
     </span>
     <span class='ocr_line' id='line_1_32' title="bbox 169 2188 1720 2247; baseline 0.003 -18"><span class='ocrx_word' id='word_1_275' title='bbox 169 2188 310 2230; x_wconf 86' lang='lat' dir='ltr'>talium</span> <span class='ocrx_word' id='word_1_276' title='bbox 353 2190 570 2232; x_wconf 84' lang='lat' dir='ltr'>formarum</span> <span class='ocrx_word' id='word_1_277' title='bbox 616 2192 818 2247; x_wconf 85' lang='lat' dir='ltr'>exempla,</span> <span class='ocrx_word' id='word_1_278' title='bbox 871 2205 973 2245; x_wconf 89' lang='lat' dir='ltr'>quae</span> <span class='ocrx_word' id='word_1_279' title='bbox 1017 2192 1113 2233; x_wconf 86' lang='lat' dir='ltr'>trita</span> <span class='ocrx_word' id='word_1_280' title='bbox 1157 2197 1251 2233; x_wconf 88' lang='lat' dir='ltr'>sunt</span> <span class='ocrx_word' id='word_1_281' title='bbox 1281 2191 1528 2243; x_wconf 85' lang='lat' dir='ltr'>omittimus,</span> <span class='ocrx_word' id='word_1_282' title='bbox 1580 2206 1686 2233; x_wconf 87' lang='lat' dir='ltr'>cum·</span> <span class='ocrx_word' id='word_1_283' title='bbox 1717 2219 1720 2221; x_wconf 34' lang='lat' dir='ltr'>v</span> 
     </span>
     <span class='ocr_line' id='line_1_33' title="bbox 170 2257 1673 2314; baseline 0.003 -16"><span class='ocrx_word' id='word_1_284' title='bbox 170 2270 313 2312; x_wconf 87' lang='lat' dir='ltr'>parum</span> <span class='ocrx_word' id='word_1_285' title='bbox 353 2257 402 2299; x_wconf 88' lang='lat' dir='ltr'>ad</span> <span class='ocrx_word' id='word_1_286' title='bbox 444 2272 517 2300; x_wconf 89' lang='lat' dir='ltr'>nos</span> <span class='ocrx_word' id='word_1_287' title='bbox 556 2259 803 2313; x_wconf 86' lang='lat' dir='ltr'>pertineant,</span> <span class='ocrx_word' id='word_1_288' title='bbox 849 2260 919 2302; x_wconf 89' lang='lat' dir='ltr'>sed</span> <span class='ocrx_word' id='word_1_289' title='bbox 949 2264 1172 2302; x_wconf 89' lang='lat' dir='ltr'>memoratu</span> <span class='ocrx_word' id='word_1_290' title='bbox 1201 2259 1324 2314; x_wconf 89' lang='lat' dir='ltr'>digna</span> <span class='ocrx_word' id='word_1_291' title='bbox 1352 2260 1452 2300; x_wconf 90' lang='lat' dir='ltr'>haec</span> <span class='ocrx_word' id='word_1_292' title='bbox 1483 2260 1673 2302; x_wconf 86' lang='lat' dir='ltr'>videntur</span> 
     </span>
     <span class='ocr_line' id='line_1_34' title="bbox 144 2325 1673 2384; baseline 0.003 -19"><span class='ocrx_word' id='word_1_293' title='bbox 144 2330 146 2333; x_wconf 82' lang='grc'>’</span> <span class='ocrx_word' id='word_1_294' title='bbox 170 2338 219 2365; x_wconf 84' lang='lat' dir='ltr'>ex</span> <span class='ocrx_word' id='word_1_295' title='bbox 250 2325 391 2367; x_wconf 89' lang='lat' dir='ltr'>ordine</span> <span class='ocrx_word' id='word_1_296' title='bbox 421 2327 751 2381; x_wconf 83' lang='lat' dir='ltr'>coniugationum</span> <span class='ocrx_word' id='word_1_297' title='bbox 780 2329 995 2384; x_wconf 84' lang='lat' dir='ltr'>disposita:</span> <span class='ocrx_word' id='word_1_298' title='bbox 1028 2327 1222 2369; x_wconf 87' lang='lat' dir='ltr'>adiurarit</span> <span class='ocrx_word' id='word_1_299' title='bbox 1252 2327 1392 2380; x_wconf 86' lang='lat' dir='ltr'>LXVI,</span> <span class='ocrx_word' id='word_1_300' title='bbox 1421 2328 1489 2371; x_wconf 88' lang='lat'>41.</span> <span class='ocrx_word' id='word_1_301' title='bbox 1521 2328 1673 2370; x_wconf 90' lang='lat' dir='ltr'>iuerint</span> 
     </span>
     <span class='ocr_line' id='line_1_35' title="bbox 1 2392 1672 2455; baseline 0.002 -21"><span class='ocrx_word' id='word_1_302' title='bbox 1 2406 62 2455; x_wconf 27' lang='grc' dir='ltr'>[ὕ</span> <span class='ocrx_word' id='word_1_303' title='bbox 86 2408 95 2425; x_wconf 61' lang='lat'>³</span> <span class='ocrx_word' id='word_1_304' title='bbox 170 2392 271 2435; x_wconf 85' lang='lat' dir='ltr'>i’oid.</span> <span class='ocrx_word' id='word_1_305' title='bbox 307 2395 370 2436; x_wconf 84' lang='lat'>18.</span> <span class='ocrx_word' id='word_1_306' title='bbox 400 2396 628 2449; x_wconf 87' lang='lat' dir='ltr'>requierant</span> <span class='ocrx_word' id='word_1_307' title='bbox 658 2397 859 2443; x_wconf 83' lang='lat' dir='ltr'>LXXIIII,</span> <span class='ocrx_word' id='word_1_308' title='bbox 907 2399 942 2440; x_wconf 84' lang='lat'>7.</span> <span class='ocrx_word' id='word_1_309' title='bbox 973 2396 1198 2450; x_wconf 88' lang='lat' dir='ltr'>requiesset</span> <span class='ocrx_word' id='word_1_310' title='bbox 1228 2396 1397 2447; x_wconf 91' lang='lat' dir='ltr'>LXIIII,</span> <span class='ocrx_word' id='word_1_311' title='bbox 1444 2398 1536 2440; x_wconf 88' lang='lat'>176.</span> <span class='ocrx_word' id='word_1_312' title='bbox 1566 2397 1672 2439; x_wconf 88' lang='lat' dir='ltr'>tristi</span> 
     </span>
     <span class='ocr_line' id='line_1_36' title="bbox 2 2456 1669 2522; baseline 0 -16"><span class='ocrx_word' id='word_1_313' title='bbox 2 2456 122 2524; x_wconf 46' lang='lat' dir='ltr'>ss‘ssss-es</span> <span class='ocrx_word' id='word_1_314' title='bbox 170 2459 319 2514; x_wconf 86' lang='lat' dir='ltr'>LXVI,</span> <span class='ocrx_word' id='word_1_315' title='bbox 364 2463 431 2506; x_wconf 90' lang='lat'>30.</span> <span class='ocrx_word' id='word_1_316' title='bbox 473 2465 568 2505; x_wconf 86' lang='lat' dir='ltr'>siris</span> <span class='ocrx_word' id='word_1_317' title='bbox 607 2465 706 2508; x_wconf 90' lang='lat' dir='ltr'>ibid.</span> <span class='ocrx_word' id='word_1_318' title='bbox 750 2468 816 2507; x_wconf 74' lang='lat'>91.</span> <span class='ocrx_word' id='word_1_319' title='bbox 856 2466 1006 2522; x_wconf 87' lang='lat' dir='ltr'>cupisti</span> <span class='ocrx_word' id='word_1_320' title='bbox 1035 2465 1130 2516; x_wconf 94' lang='lat' dir='ltr'>XV,</span> <span class='ocrx_word' id='word_1_321' title='bbox 1181 2465 1218 2507; x_wconf 83' lang='lat'>3.</span> <span class='ocrx_word' id='word_1_322' title='bbox 1262 2465 1452 2519; x_wconf 90' lang='lat' dir='ltr'>nequisse</span> <span class='ocrx_word' id='word_1_323' title='bbox 1482 2466 1586 2517; x_wconf 90' lang='lat' dir='ltr'>IIII,</span> <span class='ocrx_word' id='word_1_324' title='bbox 1630 2467 1669 2507; x_wconf 88' lang='lat'>4.</span> 
     </span>
    </p>
   </div>
   <div class='ocr_carea' id='block_1_7' title="bbox 0 755 82 2422">
    <p class='ocr_par' dir='ltr' id='par_1_7' title="bbox 0 755 82 2427">
     <span class='ocr_line' id='line_1_37' title="bbox 0 820 32 2367; textangle 90"><span class='ocrx_word' id='word_1_325' title='bbox 7 2360 16 2367; x_wconf 67' lang='lat'>,-</span> <span class='ocrx_word' id='word_1_326' title='bbox 0 2033 32 2347; x_wconf 50' lang='lat' dir='ltr'>„wat</span> <span class='ocrx_word' id='word_1_327' title='bbox 8 1866 30 1957; x_wconf 39' lang='lat' dir='ltr'>mm.</span> <span class='ocrx_word' id='word_1_328' title='bbox 0 1820 30 1852; x_wconf 47' lang='lat' dir='ltr'>ff.</span> <span class='ocrx_word' id='word_1_329' title='bbox 0 1650 28 1793; x_wconf 43' lang='lat'>751··;-2-11·2‘·=</span> <span class='ocrx_word' id='word_1_330' title='bbox 7 1617 17 1633; x_wconf 44' lang='grc' dir='ltr'>η</span> <span class='ocrx_word' id='word_1_331' title='bbox 23 1586 30 1597; x_wconf 79' lang='grc'>,,</span> <span class='ocrx_word' id='word_1_332' title='bbox 0 1516 29 1571; x_wconf 54' lang='lat'>³42..</span> <span class='ocrx_word' id='word_1_333' title='bbox 25 1183 29 1186; x_wconf 76' lang='grc'>,</span> <span class='ocrx_word' id='word_1_334' title='bbox 0 1089 14 1165; x_wconf 60' lang='lat' dir='ltr'>v</span> <span class='ocrx_word' id='word_1_335' title='bbox 0 991 29 1069; x_wconf 47' lang='lat' dir='ltr'>:⁵72¹oe</span> <span class='ocrx_word' id='word_1_336' title='bbox 27 966 30 968; x_wconf 12' lang='grc' dir='ltr'><em>Α</em></span> <span class='ocrx_word' id='word_1_337' title='bbox 0 771 30 908; x_wconf 40' lang='lat' dir='ltr'>mnas</span> 
     </span>
     <span class='ocr_line' id='line_1_38' title="bbox 20 755 61 2422; textangle 90"><span class='ocrx_word' id='word_1_338' title='bbox 34 2412 47 2422; x_wconf 55' lang='lat' dir='ltr'>e(</span> <span class='ocrx_word' id='word_1_339' title='bbox 26 2336 43 2368; x_wconf 68' lang='grc' dir='ltr'>Τ..</span> <span class='ocrx_word' id='word_1_340' title='bbox 26 2211 61 2323; x_wconf 41' lang='lat' dir='ltr'>7&#39;1&#39;.¹&#39;;*l¹&#39;·‘7⁰</span> <span class='ocrx_word' id='word_1_341' title='bbox 27 2114 46 2177; x_wconf 43' lang='grc' dir='ltr'>ἡὴ),</span> <span class='ocrx_word' id='word_1_342' title='bbox 29 2079 45 2098; x_wconf 68' lang='grc' dir='ltr'>Δς’</span> <span class='ocrx_word' id='word_1_343' title='bbox 44 2048 46 2050; x_wconf 27' lang='lat'><strong>⁴</strong></span> <span class='ocrx_word' id='word_1_344' title='bbox 28 1973 37 2003; x_wconf 35' lang='grc' dir='ltr'>τ’·</span> <span class='ocrx_word' id='word_1_345' title='bbox 20 1937 38 1954; x_wconf 59' lang='grc' dir='ltr'>’ξ</span> <span class='ocrx_word' id='word_1_346' title='bbox 27 1874 51 1911; x_wconf 49' lang='lat'>§27</span> <span class='ocrx_word' id='word_1_347' title='bbox 26 1829 50 1856; x_wconf 66' lang='lat'>&#39;&#39;.‘·‚</span> <span class='ocrx_word' id='word_1_348' title='bbox 32 1806 34 1809; x_wconf 97' lang='lat'>·</span> <span class='ocrx_word' id='word_1_349' title='bbox 28 1752 31 1754; x_wconf 82' lang='grc'><strong>“</strong></span> <span class='ocrx_word' id='word_1_350' title='bbox 29 1517 31 1520; x_wconf 89' lang='grc'><em>·</em></span> <span class='ocrx_word' id='word_1_351' title='bbox 31 1482 35 1485; x_wconf 92' lang='grc'><em>·</em></span> <span class='ocrx_word' id='word_1_352' title='bbox 28 1401 36 1417; x_wconf 67' lang='lat'>⁴¹</span> <span class='ocrx_word' id='word_1_353' title='bbox 33 1344 37 1349; x_wconf 93' lang='lat'>·</span> <span class='ocrx_word' id='word_1_354' title='bbox 39 1255 43 1259; x_wconf 79' lang='lat'>.</span> <span class='ocrx_word' id='word_1_355' title='bbox 32 1225 46 1230; x_wconf 84' lang='grc'>,’</span> <span class='ocrx_word' id='word_1_356' title='bbox 34 1164 44 1185; x_wconf 47' lang='lat' dir='ltr'>m</span> <span class='ocrx_word' id='word_1_357' title='bbox 39 1104 42 1106; x_wconf 44' lang='lat'><strong>⁴</strong></span> <span class='ocrx_word' id='word_1_358' title='bbox 33 1074 37 1075; x_wconf 60' lang='lat'>¹</span> <span class='ocrx_word' id='word_1_359' title='bbox 30 998 45 1001; x_wconf 65' lang='grc' dir='ltr'><strong>ζ</strong></span> <span class='ocrx_word' id='word_1_360' title='bbox 33 951 42 963; x_wconf 87' lang='grc'>,·</span> <span class='ocrx_word' id='word_1_361' title='bbox 24 874 35 896; x_wconf 78' lang='grc'>’“</span> <span class='ocrx_word' id='word_1_362' title='bbox 24 803 49 839; x_wconf 37' lang='grc' dir='ltr'>ᾤ’,</span> <span class='ocrx_word' id='word_1_363' title='bbox 29 755 52 782; x_wconf 62' lang='grc' dir='ltr'>’ζ</span> 
     </span>
     <span class='ocr_line' id='line_1_39' title="bbox 62 1316 82 2349; textangle 90"><span class='ocrx_word' id='word_1_364' title='bbox 70 2345 79 2349; x_wconf 50' lang='lat' dir='ltr'>y</span> <span class='ocrx_word' id='word_1_365' title='bbox 65 2254 74 2262; x_wconf 52' lang='grc' dir='ltr'>«ι</span> <span class='ocrx_word' id='word_1_366' title='bbox 62 2155 67 2159; x_wconf 67' lang='grc'><strong>”</strong></span> <span class='ocrx_word' id='word_1_367' title='bbox 74 1866 77 1869; x_wconf 72' lang='lat'>.</span> <span class='ocrx_word' id='word_1_368' title='bbox 71 1655 75 1658; x_wconf 78' lang='lat'><strong>·</strong></span> <span class='ocrx_word' id='word_1_369' title='bbox 76 1580 82 1586; x_wconf 85' lang='grc'>,</span> <span class='ocrx_word' id='word_1_370' title='bbox 75 1533 78 1536; x_wconf 37' lang='grc'>1</span> <span class='ocrx_word' id='word_1_371' title='bbox 70 1316 72 1318; x_wconf 61' lang='lat'><strong>⁴</strong></span> 
     </span>
    </p>
   </div>
   <div class='ocr_carea' id='block_1_8' title="bbox 0 2275 166 2895">
    <p class='ocr_par' dir='ltr' id='par_1_8' title="bbox 0 2275 166 2895">
     <span class='ocr_line' id='line_1_40' title="bbox 0 2275 49 2479; baseline 0 -183"><span class='ocrx_word' id='word_1_372' title='bbox 0 2275 49 2479; x_wconf 95' lang='lat' dir='ltr'>   </span> 
     </span>
     <span class='ocr_line' id='line_1_41' title="bbox 0 2479 166 2895; baseline 0 -48"><span class='ocrx_word' id='word_1_373' title='bbox 0 2479 166 2895; x_wconf 95' lang='lat' dir='ltr'>     </span> 
     </span>
    </p>
   </div>
   <div class='ocr_carea' id='block_1_9' title="bbox 169 2577 455 2585">
    <p class='ocr_par' dir='ltr' id='par_1_9' title="bbox 169 2577 455 2585">
     <span class='ocr_line' id='line_1_42' title="bbox 169 2577 455 2585; baseline 0 519"><span class='ocrx_word' id='word_1_374' title='bbox 169 2577 455 2585; x_wconf 95' lang='lat' dir='ltr'> </span> 
     </span>
    </p>
   </div>
   <div class='ocr_carea' id='block_1_10' title="bbox 83 2656 1673 2924">
    <p class='ocr_par' dir='ltr' id='par_1_10' title="bbox 76 2656 1673 2872">
     <span class='ocr_line' id='line_1_43' title="bbox 287 2656 1671 2706; baseline 0.003 -14"><span class='ocrx_word' id='word_1_375' title='bbox 287 2656 321 2699; x_wconf 93' lang='lat' dir='ltr'>l)</span> <span class='ocrx_word' id='word_1_376' title='bbox 368 2658 489 2694; x_wconf 89' lang='lat' dir='ltr'>Nescio</span> <span class='ocrx_word' id='word_1_377' title='bbox 533 2671 578 2694; x_wconf 86' lang='lat' dir='ltr'>an</span> <span class='ocrx_word' id='word_1_378' title='bbox 619 2662 684 2695; x_wconf 83' lang='lat' dir='ltr'>huc</span> <span class='ocrx_word' id='word_1_379' title='bbox 727 2663 829 2696; x_wconf 88' lang='lat' dir='ltr'>etiam</span> <span class='ocrx_word' id='word_1_380' title='bbox 870 2663 1038 2706; x_wconf 85' lang='lat' dir='ltr'>pertineat</span> <span class='ocrx_word' id='word_1_381' title='bbox 1079 2661 1264 2705; x_wconf 84' lang='lat' dir='ltr'>,tepefaxit‘</span> <span class='ocrx_word' id='word_1_382' title='bbox 1309 2663 1398 2706; x_wconf 89' lang='lat' dir='ltr'>quod</span> <span class='ocrx_word' id='word_1_383' title='bbox 1436 2662 1671 2697; x_wconf 87' lang='lat' dir='ltr'>Lachmannus</span> 
     </span>
     <span class='ocr_line' id='line_1_44' title="bbox 170 2711 1673 2762; baseline 0.004 -15.647"><span class='ocrx_word' id='word_1_384' title='bbox 170 2711 352 2755; x_wconf 69' lang='lat' dir='ltr'>valna,</span> <span class='ocrx_word' id='word_1_385' title='bbox 390 2715 433 2749; x_wconf 83' lang='lat'>29</span> <span class='ocrx_word' id='word_1_386' title='bbox 466 2717 539 2750; x_wconf 91' lang='lat' dir='ltr'>loco</span> <span class='ocrx_word' id='word_1_387' title='bbox 563 2719 699 2761; x_wconf 85' lang='lat' dir='ltr'>ineptae</span> <span class='ocrx_word' id='word_1_388' title='bbox 724 2720 916 2753; x_wconf 87' lang='lat' dir='ltr'>traditionis</span> <span class='ocrx_word' id='word_1_389' title='bbox 941 2719 1121 2762; x_wconf 74' lang='lat' dir='ltr'>‚tepefacit‘</span> <span class='ocrx_word' id='word_1_390' title='bbox 1145 2721 1337 2753; x_wconf 84' lang='lat' dir='ltr'>coniectura</span> <span class='ocrx_word' id='word_1_391' title='bbox 1360 2722 1536 2753; x_wconf 85' lang='lat' dir='ltr'>assecutus</span> <span class='ocrx_word' id='word_1_392' title='bbox 1563 2722 1615 2752; x_wconf 89' lang='lat' dir='ltr'>est</span> <span class='ocrx_word' id='word_1_393' title='bbox 1638 2723 1673 2753; x_wconf 89' lang='lat' dir='ltr'>et</span> 
     </span>
     <span class='ocr_line' id='line_1_45' title="bbox 118 2769 1671 2821; baseline 0.005 -18.794"><span class='ocrx_word' id='word_1_394' title='bbox 118 2800 120 2804; x_wconf 43' lang='lat'>.</span> <span class='ocrx_word' id='word_1_395' title='bbox 168 2769 423 2815; x_wconf 82' lang='lat' dir='ltr'>simplicissima</span> <span class='ocrx_word' id='word_1_396' title='bbox 447 2776 482 2806; x_wconf 89' lang='lat' dir='ltr'>et</span> <span class='ocrx_word' id='word_1_397' title='bbox 506 2775 694 2817; x_wconf 86' lang='lat' dir='ltr'>aptissima,</span> <span class='ocrx_word' id='word_1_398' title='bbox 719 2777 774 2810; x_wconf 82' lang='lat' dir='ltr'>cui</span> <span class='ocrx_word' id='word_1_399' title='bbox 800 2776 898 2810; x_wconf 85' lang='lat' dir='ltr'>multi</span> <span class='ocrx_word' id='word_1_400' title='bbox 921 2776 1079 2810; x_wconf 78' lang='lat' dir='ltr'>faverunt</span> <span class='ocrx_word' id='word_1_401' title='bbox 1102 2780 1140 2810; x_wconf 89' lang='lat' dir='ltr'>ut</span> <span class='ocrx_word' id='word_1_402' title='bbox 1156 2776 1325 2821; x_wconf 88' lang='lat' dir='ltr'>Hauptius</span> <span class='ocrx_word' id='word_1_403' title='bbox 1348 2777 1383 2811; x_wconf 89' lang='lat' dir='ltr'>in</span> <span class='ocrx_word' id='word_1_404' title='bbox 1400 2776 1547 2810; x_wconf 86' lang='lat' dir='ltr'>editione</span> <span class='ocrx_word' id='word_1_405' title='bbox 1561 2776 1671 2820; x_wconf 85' lang='lat' dir='ltr'>priore</span> 
     </span>
     <span class='ocr_line' id='line_1_46' title="bbox 83 2825 581 2872; baseline 0.012 -12"><span class='ocrx_word' id='word_1_406' title='bbox 83 2836 98 2871; x_wconf 50' lang='grc' dir='ltr'>ᾗ</span> <span class='ocrx_word' id='word_1_407' title='bbox 166 2825 315 2872; x_wconf 74' lang='lat' dir='ltr'>Heysius</span> <span class='ocrx_word' id='word_1_408' title='bbox 340 2829 581 2866; x_wconf 85' lang='lat' dir='ltr'>Rossbachius.</span> 
     </span>
    </p>

    <p class='ocr_par' dir='ltr' id='par_1_11' title="bbox 1441 2891 1462 2924">
     <span class='ocr_line' id='line_1_47' title="bbox 1441 2891 1462 2924; baseline 0 0"><span class='ocrx_word' id='word_1_409' title='bbox 1441 2891 1462 2924; x_wconf 82' lang='lat'>4</span> 
     </span>
    </p>
   </div>
  </div>
 </body>
</html>
