1923 3104
171 1398 173 1401 ’
242 1399 403 1450 Quibus
439 1396 638 1440 accedunt
666 1396 817 1439 ‘multo
867 1396 1096 1452 compluria
1142 1397 1362 1453 positionis
1403 1397 1607 1454 exempla*
1642 1397 1752 1441 binis

962 106 1019 151 66

241 232 290 275 cf.
321 231 463 274 Horat.
496 230 572 287 Ep.
602 230 634 284 1,
665 230 704 283 2,
737 226 803 275 252
834 256 889 263 -
907 231 964 274 ⁴111
994 231 1184 288 putridus
1210 231 1378 285 ann,
1407 232 1489 282 351
1522 234 1640 290 poeta
1668 229 1751 295 syl-
1792 203 1862 256 ³

241 301 378 344 labam
409 298 624 357 producit,
656 300 699 342 in
730 300 936 343 similibus
966 300 1181 343 Lucretius
1226 305 1440 356 utramque
1479 304 1749 356 quantitatem
1794 297 1882 363 ‘s

243 369 490 420 observavit,
538 368 609 410 sed
647 369 707 411 ita
735 373 783 411 ut
811 368 941 411 multo
972 369 1137 424 saepius
1168 369 1363 426 producat
1392 381 1516 424 quam
1545 371 1750 429 corripiat.
1829 379 1885 429 ἕξ

352 437 446 480 Jam
461 436 586 492 igitur
601 437 840 492 quaestione
857 436 932 479 illa
945 436 1008 479 'ad
1020 437 1142 489 finem
1155 437 1502 494 perducta'paucis
1520 428 1761 495 explicabi-²
1828 470 1863 486 .
1909 495 1911 497 ι

241 521 335 548 mus
366 505 640 548 Catullianam
680 506 723 547 in
759 505 836 547 hoo
873 519 1015 560 genere
1045 506 1235 548 metricae
1266 505 1506 562 disciplinae
1536 510 1749 549 consuetu·
1775 502 1784 512 ‘⁴

244 575 397 617 dinem.
439 573 519 625 Qui
542 573 710 628 quidem
742 587 767 615 a
796 573 960 628 tragicis
991 573 1235 628 comicisque
1266 575 1399 631 poetis
1428 567 1649 627 veteribus,
1678 574 1749 630 qui
1817 567 1899 620 ⁴2⁷³

243 645 329 687 fere
360 657 500 686 omnes
532 632 806 698 indulgebant
836 641 1010 698 syllabis
1042 647 1134 686 ante
1170 647 1323 685 mutam
1357 657 1446 686 cum
1479 642 1638 698 liquida
1667 656 1750 686 cor·
1852 635 1911 687 ⁵3}

242 712 461 770 ripiendis,
499 725 579 753 non
611 711 791 754 multum
827 711 965 753 differt
1005 712 1146 767 ibique
1182 717 1341 754 tantum
1363 704 1587 768 vpositione
1621 712 1751 755 utitur
1827 703 1901 757 .““”ἶῖ.ἶ,

241 782 314 825 ubi
345 796 418 824 nec
450 780 608 836 vulgari
639 795 714 822 usu
741 780 995 836 improbatur
1015 795 1088 823 nec
1108 781 1227 824 aliter
1245 781 1368 823 metri
1389 781 1613 833 rationibus
1633 781 1751 824 satis·
1880 772 1889 790 ³
1908 779 1912 788 ¹

241 850 331 893 fieri
357 854 505 906 potest.
546 848 679 891 Multo
711 849 805 905 plus
837 854 1005 891 eatenus
1022 850 1114 900 ,sibi
1146 849 1344 892 concessit
1373 850 1603 902 Lucretius,
1632 855 1752 906 poeta
1868 827 1899 877 Ϊῖ

243 918 407 961 Catullo
424 916 645 972 aequalis,
687 917 804 959 cuius
835 912 1116 960 auctoritatem
1147 923 1289 972 postea
1321 918 1634 961 oumHoratius
1661 922 1751 961 tum
1827 926 1830 931 ⁴
1873 873 1923 969 ἐξ

243 986 454 1043 Vergilius
482 985 660 1028 maxime
690 989 867 1047 sectatus
898 990 973 1029 est.
1522 981 1525 984 ’
1906 1022 1923 1048 4

359 1057 569 1098 Postremo
601 1055 651 1096 de
675 1055 877 1109 positione
908 1055 1011 1096 inter
1031 1054 1132 1095 duas
1153 1069 1271 1096 voces
1292 1055 1412 1097 modo
1432 1056 1612 1097 admissa
1631 1055 1750 1097 modo
1826 1113 1831 1119 .
1904 1095 1923 1121 q

245 1124 429 1167 devitata
458 1121 742 1180 exponendum
781 1127 855 1166 est.
916 1122 1051 1178 Atque
1088 1122 1200 1165 illam
1237 1123 1441 1165 licentiam
1473 1122 1661 1166 Catullus
1691 1138 1751 1165 ce·
1828 1132 1831 1136 '
1903 1126 1923 1171 ,Σ

246 1194 346 1236 teris
375 1193 494 1247 longe
526 1191 776 1246 frequentius
807 1192 980 1247 primum
1022 1191 1186 1246 quidem
1218 1192 1443 1248 assumpsit
1470 1197 1563 1235 ante
1594 1197 1752 1236 mutam
1827 1188 1831 1192 ’
1883 1183 1917 1228 ’⁴-

243 1276 340 1305 cum
370 1249 530 1316 liquida
556 1260 621 1302 his
651 1260 773 1302 locis:
805 1265 862 1302 tr:
892 1259 1140 1316 Propontida
1166 1251 1371 1302 trucemve
1402 1261 1494 1313 1111,
1526 1262 1564 1304 9.
1585 1261 1654 1313 fr.-
1682 1275 1752 1318 per
1905 1286 1923 1309 2

243 1329 491 1387 impotentia
538 1328 639 1370 freta
689 1327 789 1370 ibid.
832 1329 895 1371 18.
954 1330 1022 1369 br.-
1049 1328 1219 1371 -ultima
1253 1329 1465 1370 Britannia
1499 1328 1749 1380 XX1111,.4.
1805 1324 1838 1345 ·”
1887 1312 1919 1329 ³

242 1467 370 1509 mutis
414 1466 561 1521 quibus
610 1465 783 1521 incipiat
823 1465 1009 1520 proxima
1051 1465 1172 1524 dictio
1203 1465 1391 1511 effectae..
1437 1466 1490 1507 Et
1518 1466 1752 1520 longissime
1808 1485 1826 1506 .·

248 1535 412 1590 quidem
449 1535 492 1577 in
533 1548 581 1577 ea
619 1548 661 1576 re
699 1533 883 1575 omnium
923 1533 1218 1588 dactylicorum
1250 1534 1450 1589 processit
1479 1534 1677 1586 Catullus,
1706 1538 1753 1576 ut
1790 1546 1793 1547 ⁷
1831 1563 1833 1565 -

242 1603 460 1660 apparebit
490 1616 538 1644 ex
568 1602 645 1643 hoc
675 1601 890 1644 indiculo:>
907 1607 964 1643 st:
1000 1602 1034 1643 si
1073 1606 1166 1657 pote
1197 1601 1393 1644 stolidum
1424 1601 1552 1644 XVII.
1585 1604 1653 1646 24.
1684 1615 1750 1657 ge-

240 1671 324 1713 lida
354 1671 516 1714 stabula
545 1670 696 1721 LXIII,
720 1671 787 1713 53.
820 1686 880 1712 sc:
909 1670 1067 1727 nefaria
1087 1670 1240 1726 scripta
1260 1670 1520 1715 XXXXIIII.
1545 1671 1610 1714 18.
1632 1670 1751 1714 modo

242 1753 381 1781 scurra
410 1739 545 1790 XXII,
572 1740 623 1782 12
654 1751 898 1793 quamquam
932 1738 981 1780 de
1010 1738 1086 1779 hoc
1117 1738 1202 1780 loco
1231 1737 1413 1794 dubitari
1432 1742 1578 1795 potest,
1609 1739 1645 1781 si
1665 1739 1753 1794 qui·

241 1808 333 1850 dem
365 1812 484 1864 poeta
514 1807 700 1849 ultimam
734 1806 958 1863 particulae
987 1808 1101 1848 modo
1132 1806 1258 1849 etiam
1287 1807 1485 1864 producit.
1546 1806 1652 1849 Tum
1687 1821 1754 1862 sp:

245 1876 362 1918 nulla
392 1890 485 1932 spes
516 1876 682 1926 LXIIII,
719 1875 798 1918 186
829 1876 872 1917 in
900 1876 1134 1917 hexametro
1172 1875 1392 1930 itidemque
1423 1876 1467 1917 in
1497 1866 1751 1932 pentametro
1818 1912 1824 1917 .
1858 1866 1923 1935 422¹}

242 1944 411 1996 LXVII,
443 1945 521 1987 32:
553 1944 765 2000 supposita
795 1944 996 2000 speculae.
1056 1943 1269 1986 Lucretius
1300 1944 1401 1986 nihil
1432 1958 1479 1986 ex
1510 1944 1586 1986 hoc
1607 1957 1749 2000 genere

243 2014 379 2066 habet,
411 2027 506 2056 nam
537 2027 641 2067 quae
670 2013 779 2068 apud
800 2022 895 2055 eum
911 2012 1116 2055 contraria
1140 2012 1240 2054 olim
1261 2012 1498 2067 legebantur
1516 2026 1623 2055 nunc
1642 2025 1753 2069 pror·
1823 2066 1825 2069 ι
1920 2055 1923 2059 ,

243 2095 315 2124 sus
346 2080 560 2123 emendata
589 2085 695 2123 sunt.
736 2080 924 2123 Aliorum
954 2080 1062 2123 locos
1092 2080 1297 2135 congessit
1328 2080 1444 2123 Conr.
1477 2080 1714 2128 Schneideri
1733 2081 1753 2122 I
1831 2103 1836 2107 -
1866 2074 1923 2129 “s'‘

243 2164 282 2205 p.
308 2150 390 2192 705
422 2148 646 2202 diligentia.
706 2150 762 2191 At
792 2149 1045 2191 conservavit
1074 2156 1210 2190 tamen
1241 2148 1428 2190 Catullus
1458 2148 1606 2204 prioris
1636 2141 1752 2192 voca·
1784 2173 1787 2177 ·
1813 2165 1817 2168 ·

242 2216 333 2260 buli
375 2216 581 2272 syllabam
618 2218 782 2260 brevem
819 2231 899 2260 uno
932 2210 1059 2260 totius
1096 2216 1194 2260 libri
1225 2216 1410 2273 exemplo
1436 2216 1617 2269 LXIIII,
1647 2209 1752 2261 357:
1854 2221 1922 2283 ...'.,..-.

244 2286 376 2338 ,testis
406 2286 483 2327 erit
511 2286 670 2340 magnis
701 2286 925 2328 virtutibus
956 2286 1066 2327 unda
1095 2285 1346 2328 Scamandri‘
1378 2289 1473 2327 ante
1502 2299 1650 2338 nomen
1678 2281 1752 2327 sciss
1823 2299 1842 2316 0
1857 2297 1920 2347 «jd

242 2354 338 2398 licet
369 2354 566 2398 Graecum
596 2354 677 2397 nisi
707 2354 974 2411 praecedente
1004 2354 1137 2398 vocali
1178 2357 1358 2410 correpta
1392 2357 1524 2397 metro
1554 2353 1755 2412 dactylico·
1780 2377 1782 2379 >

241 2423 367 2479 plane
396 2423 593 2479 ineptum.
1664 2426 1666 2428 ’
1789 2427 1793 2430 ’
1889 2410 1895 2419 ’

734 2548 774 2585 4.
811 2549 866 2585 De
888 2547 1054 2585 elisione
1077 2549 1119 2585 et
1141 2548 1271 2586 hiatu.

356 2641 392 2670 a.
433 2627 574 2670 Priore
605 2627 773 2683 quidem
802 2628 889 2671 loco
928 2632 974 2670 ut
1009 2627 1053 2669 in
1094 2627 1309 2671 elisionem
1338 2627 1404 2670 vel
1434 2627 1587 2670 rectius
1634 2639 1770 2684 syna-·
1855 2650 1875 2679 ῃ
1894 2667 1913 2677 Τ

242 2695 416 2752 loephen
446 2697 702 2751 inquiramus
732 2711 856 2751 quam
886 2696 1016 2739 variis
1045 2696 1205 2751 legibus
1236 2685 1380 2753 poetae
1409 2696 1610 2739 moderati
1640 2695 1752 2750 sunt,
1821 2698 1824 2702 ’

242 2778 360 2807 nemo
393 2765 552 2820 ignorat
581 2763 765 2808 elisionis
795 2770 972 2820 quatuor
1002 2765 1077 2807 illa
1106 2779 1255 2820 genera
1280 2765 1571 2808 vocabulorum
1589 2764 1632 2808 in
1652 2764 1754 2808 duas

164 2875 166 2877 .
250 2838 387 2877 tresve
419 2833 581 2876 vocales
624 2833 898 2876 desinentium
939 2848 1042 2889 quae
1080 2839 1264 2877 accurate
1301 2834 1495 2876 distinxit
1522 2823 1784 2890 quibusque?
1818 2846 1829 2851 ¹
