<?xml version="1.0" encoding="UTF-8"?>
<!DOCTYPE html PUBLIC "-//W3C//DTD XHTML 1.0 Transitional//EN"
    "http://www.w3.org/TR/xhtml1/DTD/xhtml1-transitional.dtd">
<html xmlns="http://www.w3.org/1999/xhtml" xml:lang="en" lang="en">
 <head>
  <title>
</title>
<meta http-equiv="Content-Type" content="text/html;charset=utf-8" />
  <meta name='ocr-system' content='tesseract 3.04.00' />
  <meta name='ocr-capabilities' content='ocr_page ocr_carea ocr_par ocr_line ocrx_word'/>
</head>
<body>
  <div class='ocr_page' id='page_1' title='image "4737845_0014.png"; bbox 0 0 1923 3104; ppageno 0'>
   <div class='ocr_carea' id='block_1_1' title="bbox 0 133 181 2963">
    <p class='ocr_par' dir='ltr' id='par_1_1' title="bbox 0 133 181 2963">
     <span class='ocr_line' id='line_1_1' title="bbox 0 133 181 1084; baseline 0 -568"><span class='ocrx_word' id='word_1_1' title='bbox 0 133 181 1084; x_wconf 95' lang='lat' dir='ltr'><strong>      </strong></span> 
     </span>
     <span class='ocr_line' id='line_1_2' title="bbox 0 1225 73 1266; baseline 0 1838"><span class='ocrx_word' id='word_1_2' title='bbox 0 1225 73 1266; x_wconf 95' lang='lat' dir='ltr'><strong> </strong></span> 
     </span>
     <span class='ocr_line' id='line_1_3' title="bbox 0 1266 73 1472; baseline 0 -68"><span class='ocrx_word' id='word_1_3' title='bbox 0 1266 73 1472; x_wconf 95' lang='lat' dir='ltr'><strong>   </strong></span> 
     </span>
     <span class='ocr_line' id='line_1_4' title="bbox 0 1472 73 1542; baseline 0 1562"><span class='ocrx_word' id='word_1_4' title='bbox 0 1472 73 1542; x_wconf 95' lang='lat' dir='ltr'><strong> </strong></span> 
     </span>
     <span class='ocr_line' id='line_1_5' title="bbox 0 1542 73 1609; baseline 0 1495"><span class='ocrx_word' id='word_1_5' title='bbox 0 1542 73 1609; x_wconf 95' lang='lat' dir='ltr'><strong> </strong></span> 
     </span>
     <span class='ocr_line' id='line_1_6' title="bbox 0 1609 73 1677; baseline 0 1427"><span class='ocrx_word' id='word_1_6' title='bbox 0 1609 73 1677; x_wconf 95' lang='lat' dir='ltr'><strong> </strong></span> 
     </span>
     <span class='ocr_line' id='line_1_7' title="bbox 0 1677 73 1746; baseline 0 1358"><span class='ocrx_word' id='word_1_7' title='bbox 0 1677 73 1746; x_wconf 95' lang='lat' dir='ltr'><strong> </strong></span> 
     </span>
     <span class='ocr_line' id='line_1_8' title="bbox 0 1746 73 1814; baseline 0 1290"><span class='ocrx_word' id='word_1_8' title='bbox 0 1746 73 1814; x_wconf 95' lang='lat' dir='ltr'><strong> </strong></span> 
     </span>
     <span class='ocr_line' id='line_1_9' title="bbox 0 1814 73 1885; baseline 0 1219"><span class='ocrx_word' id='word_1_9' title='bbox 0 1814 73 1885; x_wconf 95' lang='lat' dir='ltr'><strong> </strong></span> 
     </span>
     <span class='ocr_line' id='line_1_10' title="bbox 0 1885 73 1951; baseline 0 1153"><span class='ocrx_word' id='word_1_10' title='bbox 0 1885 73 1951; x_wconf 95' lang='lat' dir='ltr'><strong> </strong></span> 
     </span>
     <span class='ocr_line' id='line_1_11' title="bbox 0 1951 73 2073; baseline 0 0"><span class='ocrx_word' id='word_1_11' title='bbox 0 1951 73 2073; x_wconf 95' lang='lat' dir='ltr'><strong>  </strong></span> 
     </span>
     <span class='ocr_line' id='line_1_12' title="bbox 0 2073 73 2159; baseline 0 945"><span class='ocrx_word' id='word_1_12' title='bbox 0 2073 73 2159; x_wconf 95' lang='lat' dir='ltr'><strong> </strong></span> 
     </span>
     <span class='ocr_line' id='line_1_13' title="bbox 0 2159 73 2229; baseline 0 875"><span class='ocrx_word' id='word_1_13' title='bbox 0 2159 73 2229; x_wconf 95' lang='lat' dir='ltr'><strong> </strong></span> 
     </span>
     <span class='ocr_line' id='line_1_14' title="bbox 0 2229 73 2293; baseline 0 811"><span class='ocrx_word' id='word_1_14' title='bbox 0 2229 73 2293; x_wconf 95' lang='lat' dir='ltr'><strong> </strong></span> 
     </span>
     <span class='ocr_line' id='line_1_15' title="bbox 0 2293 143 2651; baseline 0 -220"><span class='ocrx_word' id='word_1_15' title='bbox 0 2293 143 2651; x_wconf 95' lang='lat' dir='ltr'><strong>   </strong></span> 
     </span>
     <span class='ocr_line' id='line_1_16' title="bbox 0 2651 161 2796; baseline 0 0"><span class='ocrx_word' id='word_1_16' title='bbox 0 2651 161 2796; x_wconf 95' lang='lat' dir='ltr'><strong>   </strong></span> 
     </span>
     <span class='ocr_line' id='line_1_17' title="bbox 0 2796 171 2963; baseline 0 0"><span class='ocrx_word' id='word_1_17' title='bbox 0 2796 171 2963; x_wconf 95' lang='lat' dir='ltr'><strong>  </strong></span> 
     </span>
    </p>
   </div>
   <div class='ocr_carea' id='block_1_2' title="bbox 797 150 1067 161">
    <p class='ocr_par' dir='ltr' id='par_1_2' title="bbox 797 150 1067 161">
     <span class='ocr_line' id='line_1_18' title="bbox 797 150 1067 161; baseline 0 2943"><span class='ocrx_word' id='word_1_18' title='bbox 797 150 1067 161; x_wconf 95' lang='lat' dir='ltr'><strong> </strong></span> 
     </span>
    </p>
   </div>
   <div class='ocr_carea' id='block_1_3' title="bbox 0 213 1690 2404">
    <p class='ocr_par' dir='ltr' id='par_1_3' title="bbox 0 213 1690 2406">
     <span class='ocr_line' id='line_1_19' title="bbox 178 213 1688 280; baseline -0.002 -16"><span class='ocrx_word' id='word_1_19' title='bbox 178 218 339 279; x_wconf 54' lang='lat' dir='ltr'><strong>partem</strong></span> <span class='ocrx_word' id='word_1_20' title='bbox 370 213 514 266; x_wconf 84' lang='lat' dir='ltr'><strong>divino</strong></span> <span class='ocrx_word' id='word_1_21' title='bbox 543 215 722 277; x_wconf 75' lang='lat' dir='ltr'><strong>&#39;quodam</strong></span> <span class='ocrx_word' id='word_1_22' title='bbox 751 218 892 264; x_wconf 83' lang='lat' dir='ltr'><strong>ardore</strong></span> <span class='ocrx_word' id='word_1_23' title='bbox 921 223 964 263; x_wconf 89' lang='lat' dir='ltr'><strong>et</strong></span> <span class='ocrx_word' id='word_1_24' title='bbox 990 219 1147 278; x_wconf 89' lang='lat' dir='ltr'><strong>impetu</strong></span> <span class='ocrx_word' id='word_1_25' title='bbox 1188 216 1241 263; x_wconf 85' lang='lat' dir='ltr'><strong>ad</strong></span> <span class='ocrx_word' id='word_1_26' title='bbox 1270 215 1449 263; x_wconf 88' lang='lat' dir='ltr'><strong>carmina</strong></span> <span class='ocrx_word' id='word_1_27' title='bbox 1477 213 1688 280; x_wconf 74' lang='lat' dir='ltr'><strong>condenda</strong></span> 
     </span>
     <span class='ocr_line' id='line_1_20' title="bbox 182 288 1688 345; baseline -0.001 -13"><span class='ocrx_word' id='word_1_28' title='bbox 182 288 459 333; x_wconf 64' lang='lat' dir='ltr'><strong>inflammasse</strong></span> <span class='ocrx_word' id='word_1_29' title='bbox 488 292 661 344; x_wconf 86' lang='lat' dir='ltr'><strong>constat,</strong></span> <span class='ocrx_word' id='word_1_30' title='bbox 703 292 750 330; x_wconf 89' lang='lat' dir='ltr'><strong>ut</strong></span> <span class='ocrx_word' id='word_1_31' title='bbox 784 289 837 331; x_wconf 80' lang='lat' dir='ltr'><strong>de</strong></span> <span class='ocrx_word' id='word_1_32' title='bbox 865 291 1014 332; x_wconf 88' lang='lat' dir='ltr'><strong>amoris</strong></span> <span class='ocrx_word' id='word_1_33' title='bbox 1041 289 1325 345; x_wconf 77' lang='lat' dir='ltr'><strong>amicitiaeque</strong></span> <span class='ocrx_word' id='word_1_34' title='bbox 1354 288 1514 343; x_wconf 85' lang='lat' dir='ltr'><strong>gaudiis</strong></span> <span class='ocrx_word' id='word_1_35' title='bbox 1542 302 1590 330; x_wconf 88' lang='lat' dir='ltr'><strong>ac</strong></span> <span class='ocrx_word' id='word_1_36' title='bbox 1619 288 1688 331; x_wconf 88' lang='lat' dir='ltr'><strong>do-</strong></span> 
     </span>
     <span class='ocr_line' id='line_1_21' title="bbox 145 352 1686 414; baseline -0.001 -13"><span class='ocrx_word' id='word_1_37' title='bbox 145 352 337 413; x_wconf 61' lang='lat' dir='ltr'><strong>{loribus</strong></span> <span class='ocrx_word' id='word_1_38' title='bbox 367 358 572 414; x_wconf 77' lang='lat' dir='ltr'>eleganter</span> <span class='ocrx_word' id='word_1_39' title='bbox 599 356 786 402; x_wconf 80' lang='lat' dir='ltr'><strong>disserat.</strong></span> <span class='ocrx_word' id='word_1_40' title='bbox 845 357 984 414; x_wconf 80' lang='lat' dir='ltr'><strong>Neque</strong></span> <span class='ocrx_word' id='word_1_41' title='bbox 1015 372 1107 401; x_wconf 90' lang='lat' dir='ltr'><strong>vero</strong></span> <span class='ocrx_word' id='word_1_42' title='bbox 1127 358 1267 401; x_wconf 88' lang='lat' dir='ltr'><strong>mirari</strong></span> <span class='ocrx_word' id='word_1_43' title='bbox 1284 358 1362 401; x_wconf 87' lang='lat' dir='ltr'><strong>hoc</strong></span> <span class='ocrx_word' id='word_1_44' title='bbox 1381 357 1548 413; x_wconf 85' lang='lat' dir='ltr'><strong>quidem</strong></span> <span class='ocrx_word' id='word_1_45' title='bbox 1568 357 1686 400; x_wconf 84' lang='lat' dir='ltr'><strong>licet:</strong></span> 
     </span>
     <span class='ocr_line' id='line_1_22' title="bbox 82 421 1688 486; baseline -0.001 -16"><span class='ocrx_word' id='word_1_46' title='bbox 82 479 101 486; x_wconf 28' lang='grc' dir='ltr'><em>Ἣ</em></span> <span class='ocrx_word' id='word_1_47' title='bbox 142 421 161 470; x_wconf 49' lang='lat' dir='ltr'><strong>ff.</strong></span> <span class='ocrx_word' id='word_1_48' title='bbox 176 426 258 484; x_wconf 68' lang='lat' dir='ltr'><strong>pro</strong></span> <span class='ocrx_word' id='word_1_49' title='bbox 288 428 542 485; x_wconf 80' lang='lat' dir='ltr'><strong>temporibus</strong></span> <span class='ocrx_word' id='word_1_50' title='bbox 571 426 681 468; x_wconf 91' lang='lat' dir='ltr'><strong>enim</strong></span> <span class='ocrx_word' id='word_1_51' title='bbox 711 426 797 469; x_wconf 88' lang='lat' dir='ltr'><strong>illis</strong></span> <span class='ocrx_word' id='word_1_52' title='bbox 827 427 1146 483; x_wconf 77' lang='lat' dir='ltr'><strong>corruptissimis</strong></span> <span class='ocrx_word' id='word_1_53' title='bbox 1175 428 1325 486; x_wconf 85' lang='lat' dir='ltr'><strong>quibus</strong></span> <span class='ocrx_word' id='word_1_54' title='bbox 1351 439 1497 481; x_wconf 87' lang='lat' dir='ltr'><strong>genera</strong></span> <span class='ocrx_word' id='word_1_55' title='bbox 1511 425 1688 468; x_wconf 47' lang='lat' dir='ltr'><strong>*virtutis</strong></span> 
     </span>
     <span class='ocr_line' id='line_1_23' title="bbox 71 485 1687 552; baseline -0.001 -14"><span class='ocrx_word' id='word_1_56' title='bbox 71 485 120 549; x_wconf 43' lang='grc' dir='ltr'><strong>,ᾗῇ</strong></span> <span class='ocrx_word' id='word_1_57' title='bbox 182 509 231 538; x_wconf 85' lang='lat' dir='ltr'><strong>ea</strong></span> <span class='ocrx_word' id='word_1_58' title='bbox 258 496 407 552; x_wconf 88' lang='lat' dir='ltr'><strong>quibus</strong></span> <span class='ocrx_word' id='word_1_59' title='bbox 426 495 600 538; x_wconf 88' lang='lat' dir='ltr'><strong>maiores</strong></span> <span class='ocrx_word' id='word_1_60' title='bbox 620 494 896 541; x_wconf 87' lang='lat' dir='ltr'><strong>Romanorum</strong></span> <span class='ocrx_word' id='word_1_61' title='bbox 915 495 1216 552; x_wconf 81' lang='lat' dir='ltr'><strong>praestiterant,</strong></span> <span class='ocrx_word' id='word_1_62' title='bbox 1245 496 1316 538; x_wconf 85' lang='lat' dir='ltr'><strong>vix</strong></span> <span class='ocrx_word' id='word_1_63' title='bbox 1335 495 1459 538; x_wconf 89' lang='lat' dir='ltr'><strong>etiam</strong></span> <span class='ocrx_word' id='word_1_64' title='bbox 1486 495 1531 537; x_wconf 91' lang='lat' dir='ltr'><strong>in</strong></span> <span class='ocrx_word' id='word_1_65' title='bbox 1550 494 1687 545; x_wconf 83' lang='lat' dir='ltr'><strong>libris,</strong></span> 
     </span>
     <span class='ocr_line' id='line_1_24' title="bbox 79 554 1688 620; baseline -0.001 -14"><span class='ocrx_word' id='word_1_66' title='bbox 79 554 84 560; x_wconf 44' lang='grc'><strong>”</strong></span> <span class='ocrx_word' id='word_1_67' title='bbox 121 565 123 567; x_wconf 80' lang='grc'><strong>’</strong></span> <span class='ocrx_word' id='word_1_68' title='bbox 179 563 330 607; x_wconf 89' lang='lat' dir='ltr'><strong>nedum</strong></span> <span class='ocrx_word' id='word_1_69' title='bbox 358 563 402 605; x_wconf 92' lang='lat' dir='ltr'><strong>in</strong></span> <span class='ocrx_word' id='word_1_70' title='bbox 430 563 612 606; x_wconf 88' lang='lat' dir='ltr'><strong>moribus</strong></span> <span class='ocrx_word' id='word_1_71' title='bbox 631 563 937 619; x_wconf 86' lang='lat' dir='ltr'><strong>reperiebantur</strong></span> <span class='ocrx_word' id='word_1_72' title='bbox 967 563 1037 620; x_wconf 83' lang='lat' dir='ltr'><strong>(cf.</strong></span> <span class='ocrx_word' id='word_1_73' title='bbox 1059 564 1141 607; x_wconf 88' lang='lat' dir='ltr'><strong>Cic.</strong></span> <span class='ocrx_word' id='word_1_74' title='bbox 1162 578 1234 620; x_wconf 89' lang='lat' dir='ltr'><strong>pro</strong></span> <span class='ocrx_word' id='word_1_75' title='bbox 1256 563 1393 607; x_wconf 89' lang='lat' dir='ltr'><strong>Caelio</strong></span> <span class='ocrx_word' id='word_1_76' title='bbox 1419 565 1486 616; x_wconf 86' lang='lat'><strong>17,</strong></span> <span class='ocrx_word' id='word_1_77' title='bbox 1505 563 1584 619; x_wconf 85' lang='lat'><strong>40)</strong></span> <span class='ocrx_word' id='word_1_78' title='bbox 1614 563 1688 605; x_wconf 91' lang='lat' dir='ltr'><strong>ubi</strong></span> 
     </span>
     <span class='ocr_line' id='line_1_25' title="bbox 182 631 1687 688; baseline -0.001 -13"><span class='ocrx_word' id='word_1_79' title='bbox 182 631 397 675; x_wconf 84' lang='lat' dir='ltr'><strong>indomitis</strong></span> <span class='ocrx_word' id='word_1_80' title='bbox 415 631 721 688; x_wconf 87' lang='lat' dir='ltr'><strong>·cupiditatibus</strong></span> <span class='ocrx_word' id='word_1_81' title='bbox 752 632 939 675; x_wconf 89' lang='lat' dir='ltr'><strong>omnibus</strong></span> <span class='ocrx_word' id='word_1_82' title='bbox 977 646 1094 675; x_wconf 86' lang='lat' dir='ltr'><strong>suam</strong></span> <span class='ocrx_word' id='word_1_83' title='bbox 1135 633 1309 687; x_wconf 78' lang='lat' dir='ltr'><strong>quisque</strong></span> <span class='ocrx_word' id='word_1_84' title='bbox 1345 631 1566 674; x_wconf 81' lang='lat' dir='ltr'><strong>utilitatem</strong></span> <span class='ocrx_word' id='word_1_85' title='bbox 1596 645 1687 688; x_wconf 90' lang='lat' dir='ltr'><strong>cap-</strong></span> 
     </span>
     <span class='ocr_line' id='line_1_26' title="bbox 187 699 1687 755; baseline -0.002 -11"><span class='ocrx_word' id='word_1_86' title='bbox 187 703 303 744; x_wconf 77' lang='lat' dir='ltr'><strong>tabat</strong></span> <span class='ocrx_word' id='word_1_87' title='bbox 331 714 405 742; x_wconf 89' lang='lat' dir='ltr'><strong>nec</strong></span> <span class='ocrx_word' id='word_1_88' title='bbox 434 700 578 754; x_wconf 85' lang='lat' dir='ltr'><strong>gradu,</strong></span> <span class='ocrx_word' id='word_1_89' title='bbox 623 700 693 742; x_wconf 87' lang='lat' dir='ltr'><strong>sed</strong></span> <span class='ocrx_word' id='word_1_90' title='bbox 731 701 897 743; x_wconf 90' lang='lat' dir='ltr'><strong>incitato</strong></span> <span class='ocrx_word' id='word_1_91' title='bbox 933 715 1054 743; x_wconf 92' lang='lat' dir='ltr'><strong>cursu</strong></span> <span class='ocrx_word' id='word_1_92' title='bbox 1083 701 1127 742; x_wconf 92' lang='lat' dir='ltr'><strong>in</strong></span> <span class='ocrx_word' id='word_1_93' title='bbox 1161 701 1369 742; x_wconf 85' lang='lat' dir='ltr'><strong>luxuriam</strong></span> <span class='ocrx_word' id='word_1_94' title='bbox 1388 699 1687 755; x_wconf 86' lang='lat' dir='ltr'><strong>mollitiemque</strong></span> 
     </span>
     <span class='ocr_line' id='line_1_27' title="bbox 69 768 1688 826; baseline -0.001 -14"><span class='ocrx_word' id='word_1_95' title='bbox 69 771 101 812; x_wconf 45' lang='grc' dir='ltr'><strong>’,Δ</strong></span> <span class='ocrx_word' id='word_1_96' title='bbox 142 801 144 803; x_wconf 52' lang='lat'>&gt;</span> <span class='ocrx_word' id='word_1_97' title='bbox 183 769 293 822; x_wconf 86' lang='lat' dir='ltr'><strong>cives</strong></span> <span class='ocrx_word' id='word_1_98' title='bbox 317 783 360 812; x_wconf 89' lang='lat' dir='ltr'><strong>se</strong></span> <span class='ocrx_word' id='word_1_99' title='bbox 379 769 714 826; x_wconf 81' lang='lat' dir='ltr'><strong>praecipitabant,</strong></span> <span class='ocrx_word' id='word_1_100' title='bbox 743 783 825 811; x_wconf 91' lang='lat' dir='ltr'><strong>non</strong></span> <span class='ocrx_word' id='word_1_101' title='bbox 845 769 979 826; x_wconf 90' lang='lat' dir='ltr'><strong>potuit</strong></span> <span class='ocrx_word' id='word_1_102' title='bbox 997 769 1137 824; x_wconf 93' lang='lat' dir='ltr'><strong>utique</strong></span> <span class='ocrx_word' id='word_1_103' title='bbox 1157 769 1258 821; x_wconf 87' lang='lat' dir='ltr'><strong>fieri,</strong></span> <span class='ocrx_word' id='word_1_104' title='bbox 1280 769 1381 824; x_wconf 88' lang='lat' dir='ltr'><strong>quin</strong></span> <span class='ocrx_word' id='word_1_105' title='bbox 1401 782 1541 811; x_wconf 91' lang='lat' dir='ltr'><strong>eorum</strong></span> <span class='ocrx_word' id='word_1_106' title='bbox 1565 768 1688 810; x_wconf 88' lang='lat' dir='ltr'><strong>etiam</strong></span> 
     </span>
     <span class='ocr_line' id='line_1_28' title="bbox 181 836 1690 894; baseline -0.001 -13"><span class='ocrx_word' id='word_1_107' title='bbox 181 837 365 881; x_wconf 88' lang='lat' dir='ltr'><strong>studium</strong></span> <span class='ocrx_word' id='word_1_108' title='bbox 398 838 574 881; x_wconf 83' lang='lat' dir='ltr'><strong>civitatis</strong></span> <span class='ocrx_word' id='word_1_109' title='bbox 604 838 755 880; x_wconf 85' lang='lat' dir='ltr'><strong>liberae</strong></span> <span class='ocrx_word' id='word_1_110' title='bbox 792 838 967 880; x_wconf 89' lang='lat' dir='ltr'><strong>tuendae</strong></span> <span class='ocrx_word' id='word_1_111' title='bbox 1007 838 1139 894; x_wconf 87' lang='lat' dir='ltr'><strong>magis</strong></span> <span class='ocrx_word' id='word_1_112' title='bbox 1168 836 1380 893; x_wconf 85' lang='lat' dir='ltr'><strong>magisque</strong></span> <span class='ocrx_word' id='word_1_113' title='bbox 1409 837 1690 892; x_wconf 82' lang='lat' dir='ltr'><strong>languesceret</strong></span> 
     </span>
     <span class='ocr_line' id='line_1_29' title="bbox 184 906 1688 963; baseline -0.001 -12"><span class='ocrx_word' id='word_1_114' title='bbox 184 913 227 951; x_wconf 92' lang='lat' dir='ltr'><strong>et</strong></span> <span class='ocrx_word' id='word_1_115' title='bbox 255 907 421 951; x_wconf 87' lang='lat' dir='ltr'><strong>tandem</strong></span> <span class='ocrx_word' id='word_1_116' title='bbox 452 908 616 950; x_wconf 90' lang='lat' dir='ltr'><strong>omnino</strong></span> <span class='ocrx_word' id='word_1_117' title='bbox 638 907 956 962; x_wconf 85' lang='lat' dir='ltr'><strong>extingueretur.</strong></span> <span class='ocrx_word' id='word_1_118' title='bbox 996 907 1132 962; x_wconf 89' lang='lat' dir='ltr'><strong>Atque</strong></span> <span class='ocrx_word' id='word_1_119' title='bbox 1146 907 1253 950; x_wconf 89' lang='lat' dir='ltr'><strong>haec</strong></span> <span class='ocrx_word' id='word_1_120' title='bbox 1271 920 1432 950; x_wconf 90' lang='lat' dir='ltr'><strong>morum</strong></span> <span class='ocrx_word' id='word_1_121' title='bbox 1453 906 1688 963; x_wconf 84' lang='lat' dir='ltr'><strong>depravatio</strong></span> 
     </span>
     <span class='ocr_line' id='line_1_30' title="bbox 182 975 1687 1032; baseline -0.002 -13"><span class='ocrx_word' id='word_1_122' title='bbox 182 990 289 1032; x_wconf 90' lang='lat' dir='ltr'><strong>quae</strong></span> <span class='ocrx_word' id='word_1_123' title='bbox 318 982 518 1031; x_wconf 88' lang='lat' dir='ltr'><strong>quantum</strong></span> <span class='ocrx_word' id='word_1_124' title='bbox 549 976 762 1018; x_wconf 88' lang='lat' dir='ltr'><strong>Caesarem</strong></span> <span class='ocrx_word' id='word_1_125' title='bbox 806 982 900 1032; x_wconf 91' lang='lat' dir='ltr'><strong>post</strong></span> <span class='ocrx_word' id='word_1_126' title='bbox 943 976 1114 1030; x_wconf 90' lang='lat' dir='ltr'><strong>eiusque</strong></span> <span class='ocrx_word' id='word_1_127' title='bbox 1144 980 1318 1018; x_wconf 85' lang='lat' dir='ltr'><strong>mortem</strong></span> <span class='ocrx_word' id='word_1_128' title='bbox 1348 975 1616 1018; x_wconf 85' lang='lat' dir='ltr'><strong>Octavianum</strong></span> <span class='ocrx_word' id='word_1_129' title='bbox 1644 975 1687 1016; x_wconf 91' lang='lat' dir='ltr'><strong>in</strong></span> 
     </span>
     <span class='ocr_line' id='line_1_31' title="bbox 0 1043 1688 1101; baseline -0.002 -13"><span class='ocrx_word' id='word_1_130' title='bbox 0 1086 24 1101; x_wconf 17' lang='lat' dir='ltr'><strong>„V</strong></span> <span class='ocrx_word' id='word_1_131' title='bbox 184 1045 370 1088; x_wconf 90' lang='lat' dir='ltr'><strong>consiliis</strong></span> <span class='ocrx_word' id='word_1_132' title='bbox 401 1059 504 1100; x_wconf 88' lang='lat' dir='ltr'><strong>quae</strong></span> <span class='ocrx_word' id='word_1_133' title='bbox 536 1045 585 1087; x_wconf 88' lang='lat' dir='ltr'><strong>de</strong></span> <span class='ocrx_word' id='word_1_134' title='bbox 615 1045 824 1101; x_wconf 85' lang='lat' dir='ltr'><strong>republica</strong></span> <span class='ocrx_word' id='word_1_135' title='bbox 858 1044 1078 1087; x_wconf 86' lang='lat' dir='ltr'><strong>evertenda</strong></span> <span class='ocrx_word' id='word_1_136' title='bbox 1108 1049 1295 1101; x_wconf 88' lang='lat' dir='ltr'><strong>ceperant</strong></span> <span class='ocrx_word' id='word_1_137' title='bbox 1323 1043 1590 1099; x_wconf 85' lang='lat' dir='ltr'><strong>exsequendis</strong></span> <span class='ocrx_word' id='word_1_138' title='bbox 1618 1043 1688 1085; x_wconf 87' lang='lat' dir='ltr'><strong>ad·</strong></span> 
     </span>
     <span class='ocr_line' id='line_1_32' title="bbox 0 1091 1688 1181; baseline -0.002 -25"><span class='ocrx_word' id='word_1_139' title='bbox 0 1091 50 1181; x_wconf 57' lang='lat'><strong>{3-</strong></span> <span class='ocrx_word' id='word_1_140' title='bbox 86 1153 96 1161; x_wconf 71' lang='lat'><strong><em>„</em></strong></span> <span class='ocrx_word' id='word_1_141' title='bbox 179 1114 331 1156; x_wconf 84' lang='lat' dir='ltr'><strong>iuverit</strong></span> <span class='ocrx_word' id='word_1_142' title='bbox 359 1114 564 1156; x_wconf 90' lang='lat' dir='ltr'><strong>neminem</strong></span> <span class='ocrx_word' id='word_1_143' title='bbox 609 1115 691 1155; x_wconf 88' lang='lat' dir='ltr'><strong>fere</strong></span> <span class='ocrx_word' id='word_1_144' title='bbox 733 1114 848 1168; x_wconf 86' lang='lat' dir='ltr'><strong>fugit,</strong></span> <span class='ocrx_word' id='word_1_145' title='bbox 891 1118 966 1155; x_wconf 86' lang='lat' dir='ltr'><strong>nec</strong></span> <span class='ocrx_word' id='word_1_146' title='bbox 1001 1127 1084 1155; x_wconf 89' lang='lat' dir='ltr'><strong>non</strong></span> <span class='ocrx_word' id='word_1_147' title='bbox 1118 1113 1374 1155; x_wconf 79' lang='lat' dir='ltr'><strong>miserrimus</strong></span> <span class='ocrx_word' id='word_1_148' title='bbox 1404 1111 1582 1154; x_wconf 86' lang='lat' dir='ltr'><strong>civitatis</strong></span> <span class='ocrx_word' id='word_1_149' title='bbox 1611 1112 1688 1154; x_wconf 86' lang='lat' dir='ltr'><strong>Ro-</strong></span> 
     </span>
     <span class='ocr_line' id='line_1_33' title="bbox 0 1175 1689 1237; baseline -0.002 -12"><span class='ocrx_word' id='word_1_150' title='bbox 0 1175 29 1234; x_wconf 54' lang='lat' dir='ltr'><strong>i‘</strong></span> <span class='ocrx_word' id='word_1_151' title='bbox 177 1195 321 1225; x_wconf 86' lang='lat' dir='ltr'><strong>manae</strong></span> <span class='ocrx_word' id='word_1_152' title='bbox 351 1185 481 1225; x_wconf 89' lang='lat' dir='ltr'><strong>status</strong></span> <span class='ocrx_word' id='word_1_153' title='bbox 511 1182 581 1224; x_wconf 89' lang='lat' dir='ltr'><strong>ille</strong></span> <span class='ocrx_word' id='word_1_154' title='bbox 611 1196 657 1224; x_wconf 88' lang='lat' dir='ltr'><strong>ac</strong></span> <span class='ocrx_word' id='word_1_155' title='bbox 682 1181 862 1224; x_wconf 88' lang='lat' dir='ltr'><strong>condicio</strong></span> <span class='ocrx_word' id='word_1_156' title='bbox 892 1181 992 1224; x_wconf 86' lang='lat' dir='ltr'><strong>satis</strong></span> <span class='ocrx_word' id='word_1_157' title='bbox 1022 1194 1118 1223; x_wconf 90' lang='lat' dir='ltr'><strong>sane</strong></span> <span class='ocrx_word' id='word_1_158' title='bbox 1146 1180 1368 1237; x_wconf 89' lang='lat' dir='ltr'><strong>impedime</strong></span> <span class='ocrx_word' id='word_1_159' title='bbox 1381 1179 1445 1222; x_wconf 90' lang='lat' dir='ltr'><strong>nti</strong></span> <span class='ocrx_word' id='word_1_160' title='bbox 1464 1179 1554 1222; x_wconf 90' lang='lat' dir='ltr'><strong>loco</strong></span> <span class='ocrx_word' id='word_1_161' title='bbox 1574 1184 1689 1233; x_wconf 85' lang='lat' dir='ltr'><strong>erant</strong></span> 
     </span>
     <span class='ocr_line' id='line_1_34' title="bbox 178 1248 1683 1306; baseline -0.001 -14"><span class='ocrx_word' id='word_1_162' title='bbox 178 1264 259 1305; x_wconf 91' lang='lat' dir='ltr'><strong>quo</strong></span> <span class='ocrx_word' id='word_1_163' title='bbox 302 1251 438 1292; x_wconf 91' lang='lat' dir='ltr'><strong>minus</strong></span> <span class='ocrx_word' id='word_1_164' title='bbox 478 1251 653 1306; x_wconf 86' lang='lat' dir='ltr'><strong>lyricum</strong></span> <span class='ocrx_word' id='word_1_165' title='bbox 687 1250 823 1306; x_wconf 90' lang='lat' dir='ltr'><strong>poesis</strong></span> <span class='ocrx_word' id='word_1_166' title='bbox 859 1263 988 1303; x_wconf 87' lang='lat' dir='ltr'><strong>genus</strong></span> <span class='ocrx_word' id='word_1_167' title='bbox 1031 1264 1105 1291; x_wconf 89' lang='lat' dir='ltr'><strong>nec</strong></span> <span class='ocrx_word' id='word_1_168' title='bbox 1135 1250 1339 1292; x_wconf 89' lang='lat' dir='ltr'><strong>Ciceronis</strong></span> <span class='ocrx_word' id='word_1_169' title='bbox 1380 1263 1455 1290; x_wconf 91' lang='lat' dir='ltr'><strong>nec</strong></span> <span class='ocrx_word' id='word_1_170' title='bbox 1493 1248 1683 1304; x_wconf 86' lang='lat' dir='ltr'><strong>proximo</strong></span> 
     </span>
     <span class='ocr_line' id='line_1_35' title="bbox 177 1317 1685 1375; baseline -0.001 -15"><span class='ocrx_word' id='word_1_171' title='bbox 177 1318 353 1375; x_wconf 86' lang='lat' dir='ltr'><strong>Augusti</strong></span> <span class='ocrx_word' id='word_1_172' title='bbox 398 1318 553 1362; x_wconf 90' lang='lat' dir='ltr'><strong>saeculo</strong></span> <span class='ocrx_word' id='word_1_173' title='bbox 597 1319 770 1361; x_wconf 87' lang='lat' dir='ltr'><strong>formam</strong></span> <span class='ocrx_word' id='word_1_174' title='bbox 813 1331 908 1361; x_wconf 84' lang='lat' dir='ltr'><strong>vere</strong></span> <span class='ocrx_word' id='word_1_175' title='bbox 938 1317 1179 1374; x_wconf 88' lang='lat' dir='ltr'><strong>popularem</strong></span> <span class='ocrx_word' id='word_1_176' title='bbox 1209 1317 1408 1361; x_wconf 89' lang='lat' dir='ltr'><strong>indueret.</strong></span> <span class='ocrx_word' id='word_1_177' title='bbox 1470 1317 1612 1372; x_wconf 83' lang='lat' dir='ltr'><strong>Itaque</strong></span> <span class='ocrx_word' id='word_1_178' title='bbox 1643 1321 1685 1359; x_wconf 90' lang='lat' dir='ltr'><strong>et</strong></span> 
     </span>
     <span class='ocr_line' id='line_1_36' title="bbox 179 1387 1686 1444; baseline -0.001 -15"><span class='ocrx_word' id='word_1_179' title='bbox 179 1391 301 1429; x_wconf 87' lang='lat' dir='ltr'><strong>antea</strong></span> <span class='ocrx_word' id='word_1_180' title='bbox 331 1393 371 1430; x_wconf 91' lang='lat' dir='ltr'><strong>et</strong></span> <span class='ocrx_word' id='word_1_181' title='bbox 398 1394 542 1444; x_wconf 85' lang='lat' dir='ltr'><strong>postea</strong></span> <span class='ocrx_word' id='word_1_182' title='bbox 569 1388 722 1430; x_wconf 86' lang='lat' dir='ltr'><strong>factum</strong></span> <span class='ocrx_word' id='word_1_183' title='bbox 741 1387 940 1439; x_wconf 84' lang='lat' dir='ltr'><strong>videmus,</strong></span> <span class='ocrx_word' id='word_1_184' title='bbox 970 1391 1018 1428; x_wconf 93' lang='lat' dir='ltr'><strong>ut</strong></span> <span class='ocrx_word' id='word_1_185' title='bbox 1037 1399 1300 1441; x_wconf 89' lang='lat' dir='ltr'><strong>quaecunque</strong></span> <span class='ocrx_word' id='word_1_186' title='bbox 1315 1387 1367 1428; x_wconf 90' lang='lat' dir='ltr'><strong>ad</strong></span> <span class='ocrx_word' id='word_1_187' title='bbox 1386 1387 1686 1442; x_wconf 86' lang='lat' dir='ltr'><strong>rempublicam</strong></span> 
     </span>
     <span class='ocr_line' id='line_1_37' title="bbox 180 1455 1687 1513; baseline -0.001 -15"><span class='ocrx_word' id='word_1_188' title='bbox 180 1455 348 1510; x_wconf 87' lang='lat' dir='ltr'><strong>quidem</strong></span> <span class='ocrx_word' id='word_1_189' title='bbox 368 1456 611 1513; x_wconf 89' lang='lat' dir='ltr'><strong>pertinentia</strong></span> <span class='ocrx_word' id='word_1_190' title='bbox 632 1456 817 1499; x_wconf 86' lang='lat' dir='ltr'><strong>versibus</strong></span> <span class='ocrx_word' id='word_1_191' title='bbox 838 1455 1150 1512; x_wconf 86' lang='lat' dir='ltr'><strong>explicarentur,</strong></span> <span class='ocrx_word' id='word_1_192' title='bbox 1182 1469 1229 1498; x_wconf 89' lang='lat' dir='ltr'><strong>ea</strong></span> <span class='ocrx_word' id='word_1_193' title='bbox 1248 1456 1333 1497; x_wconf 86' lang='lat' dir='ltr'><strong>fere</strong></span> <span class='ocrx_word' id='word_1_194' title='bbox 1352 1469 1514 1511; x_wconf 88' lang='lat' dir='ltr'><strong>semper</strong></span> <span class='ocrx_word' id='word_1_195' title='bbox 1544 1460 1687 1512; x_wconf 89' lang='lat' dir='ltr'><strong>poetae</strong></span> 
     </span>
     <span class='ocr_line' id='line_1_38' title="bbox 179 1524 1687 1581; baseline 0.001 -15"><span class='ocrx_word' id='word_1_196' title='bbox 179 1524 318 1567; x_wconf 89' lang='lat' dir='ltr'><strong>satiris</strong></span> <span class='ocrx_word' id='word_1_197' title='bbox 347 1531 389 1567; x_wconf 93' lang='lat' dir='ltr'><strong>et</strong></span> <span class='ocrx_word' id='word_1_198' title='bbox 418 1525 718 1581; x_wconf 82' lang='lat' dir='ltr'><strong>epigrammatis</strong></span> <span class='ocrx_word' id='word_1_199' title='bbox 760 1529 1098 1580; x_wconf 83' lang='lat' dir='ltr'><strong>persequerentur</strong></span> <span class='ocrx_word' id='word_1_200' title='bbox 1143 1529 1184 1567; x_wconf 91' lang='lat' dir='ltr'><strong>et</strong></span> <span class='ocrx_word' id='word_1_201' title='bbox 1212 1524 1475 1567; x_wconf 87' lang='lat' dir='ltr'><strong>celebrarent.</strong></span> <span class='ocrx_word' id='word_1_202' title='bbox 1536 1524 1687 1567; x_wconf 87' lang='lat' dir='ltr'><strong>Contra</strong></span> 
     </span>
     <span class='ocr_line' id='line_1_39' title="bbox 178 1592 1686 1649; baseline 0.002 -16"><span class='ocrx_word' id='word_1_203' title='bbox 178 1592 221 1634; x_wconf 90' lang='lat' dir='ltr'><strong>in</strong></span> <span class='ocrx_word' id='word_1_204' title='bbox 251 1593 340 1635; x_wconf 87' lang='lat' dir='ltr'><strong>vita</strong></span> <span class='ocrx_word' id='word_1_205' title='bbox 368 1593 526 1649; x_wconf 88' lang='lat' dir='ltr'><strong>privata</strong></span> <span class='ocrx_word' id='word_1_206' title='bbox 555 1607 658 1648; x_wconf 88' lang='lat' dir='ltr'><strong>quae</strong></span> <span class='ocrx_word' id='word_1_207' title='bbox 688 1607 738 1635; x_wconf 91' lang='lat' dir='ltr'><strong>ex</strong></span> <span class='ocrx_word' id='word_1_208' title='bbox 767 1593 1057 1635; x_wconf 89' lang='lat' dir='ltr'><strong>consuetudine</strong></span> <span class='ocrx_word' id='word_1_209' title='bbox 1085 1593 1297 1636; x_wconf 90' lang='lat' dir='ltr'><strong>hominum</strong></span> <span class='ocrx_word' id='word_1_210' title='bbox 1327 1598 1368 1635; x_wconf 88' lang='lat' dir='ltr'><strong>et</strong></span> <span class='ocrx_word' id='word_1_211' title='bbox 1387 1592 1617 1648; x_wconf 84' lang='lat' dir='ltr'><strong>gratissima</strong></span> <span class='ocrx_word' id='word_1_212' title='bbox 1645 1598 1686 1636; x_wconf 92' lang='lat' dir='ltr'><strong>et</strong></span> 
     </span>
     <span class='ocr_line' id='line_1_40' title="bbox 182 1661 1683 1718; baseline 0.001 -15"><span class='ocrx_word' id='word_1_213' title='bbox 182 1662 445 1706; x_wconf 86' lang='lat' dir='ltr'><strong>acerbissima</strong></span> <span class='ocrx_word' id='word_1_214' title='bbox 474 1661 646 1718; x_wconf 86' lang='lat' dir='ltr'><strong>singulis</strong></span> <span class='ocrx_word' id='word_1_215' title='bbox 690 1661 821 1704; x_wconf 88' lang='lat' dir='ltr'><strong>multa</strong></span> <span class='ocrx_word' id='word_1_216' title='bbox 861 1661 1049 1704; x_wconf 81' lang='lat' dir='ltr'><strong>oriuntur</strong></span> <span class='ocrx_word' id='word_1_217' title='bbox 1086 1675 1160 1704; x_wconf 93' lang='lat' dir='ltr'><strong>nec</strong></span> <span class='ocrx_word' id='word_1_218' title='bbox 1189 1675 1270 1704; x_wconf 89' lang='lat' dir='ltr'><strong>non</strong></span> <span class='ocrx_word' id='word_1_219' title='bbox 1300 1661 1529 1704; x_wconf 85' lang='lat' dir='ltr'><strong>consimiles</strong></span> <span class='ocrx_word' id='word_1_220' title='bbox 1559 1661 1683 1705; x_wconf 90' lang='lat' dir='ltr'><strong>huius</strong></span> 
     </span>
     <span class='ocr_line' id='line_1_41' title="bbox 179 1730 1683 1786; baseline -0.001 -13"><span class='ocrx_word' id='word_1_221' title='bbox 179 1730 291 1773; x_wconf 83' lang='lat' dir='ltr'><strong>modi</strong></span> <span class='ocrx_word' id='word_1_222' title='bbox 320 1744 465 1773; x_wconf 88' lang='lat' dir='ltr'><strong>causae</strong></span> <span class='ocrx_word' id='word_1_223' title='bbox 494 1731 597 1773; x_wconf 90' lang='lat' dir='ltr'><strong>aliae</strong></span> <span class='ocrx_word' id='word_1_224' title='bbox 627 1731 877 1773; x_wconf 85' lang='lat' dir='ltr'><strong>extrinsecus</strong></span> <span class='ocrx_word' id='word_1_225' title='bbox 906 1730 1069 1773; x_wconf 89' lang='lat' dir='ltr'><strong>oblatae</strong></span> <span class='ocrx_word' id='word_1_226' title='bbox 1099 1730 1197 1773; x_wconf 88' lang='lat' dir='ltr'><strong>satis</strong></span> <span class='ocrx_word' id='word_1_227' title='bbox 1234 1730 1343 1773; x_wconf 89' lang='lat' dir='ltr'><strong>latus</strong></span> <span class='ocrx_word' id='word_1_228' title='bbox 1377 1735 1462 1772; x_wconf 88' lang='lat' dir='ltr'><strong>erat</strong></span> <span class='ocrx_word' id='word_1_229' title='bbox 1499 1743 1683 1786; x_wconf 78' lang='lat' dir='ltr'><strong>campuS,</strong></span> 
     </span>
     <span class='ocr_line' id='line_1_42' title="bbox 180 1798 1681 1856; baseline 0 -16"><span class='ocrx_word' id='word_1_230' title='bbox 180 1798 226 1841; x_wconf 91' lang='lat' dir='ltr'><strong>in</strong></span> <span class='ocrx_word' id='word_1_231' title='bbox 257 1811 338 1853; x_wconf 89' lang='lat' dir='ltr'><strong>quo</strong></span> <span class='ocrx_word' id='word_1_232' title='bbox 382 1799 589 1842; x_wconf 84' lang='lat' dir='ltr'><strong>exsultare</strong></span> <span class='ocrx_word' id='word_1_233' title='bbox 628 1804 767 1856; x_wconf 89' lang='lat' dir='ltr'><strong>posset</strong></span> <span class='ocrx_word' id='word_1_234' title='bbox 809 1802 1023 1855; x_wconf 90' lang='lat' dir='ltr'><strong>poetarum</strong></span> <span class='ocrx_word' id='word_1_235' title='bbox 1052 1799 1274 1855; x_wconf 83' lang='lat' dir='ltr'><strong>lyricorum</strong></span> <span class='ocrx_word' id='word_1_236' title='bbox 1304 1798 1446 1841; x_wconf 88' lang='lat' dir='ltr'><strong>oratio.</strong></span> <span class='ocrx_word' id='word_1_237' title='bbox 1502 1798 1556 1840; x_wconf 89' lang='lat' dir='ltr'><strong>Et</strong></span> <span class='ocrx_word' id='word_1_238' title='bbox 1584 1812 1681 1840; x_wconf 88' lang='lat' dir='ltr'><strong>sane</strong></span> 
     </span>
     <span class='ocr_line' id='line_1_43' title="bbox 87 1867 1680 1923; baseline 0 -14"><span class='ocrx_word' id='word_1_239' title='bbox 87 1880 90 1883; x_wconf 82' lang='lat'><em>·</em></span> <span class='ocrx_word' id='word_1_240' title='bbox 114 1910 116 1913; x_wconf 74' lang='grc'>,</span> <span class='ocrx_word' id='word_1_241' title='bbox 177 1867 343 1923; x_wconf 85' lang='lat' dir='ltr'><strong>quidem</strong></span> <span class='ocrx_word' id='word_1_242' title='bbox 371 1867 446 1909; x_wconf 87' lang='lat' dir='ltr'><strong>illa</strong></span> <span class='ocrx_word' id='word_1_243' title='bbox 481 1881 560 1923; x_wconf 90' lang='lat' dir='ltr'><strong>qua</strong></span> <span class='ocrx_word' id='word_1_244' title='bbox 591 1868 778 1910; x_wconf 89' lang='lat' dir='ltr'><strong>Catullus</strong></span> <span class='ocrx_word' id='word_1_245' title='bbox 811 1868 919 1910; x_wconf 85' lang='lat' dir='ltr'><strong>vixit</strong></span> <span class='ocrx_word' id='word_1_246' title='bbox 947 1872 1078 1911; x_wconf 87' lang='lat' dir='ltr'><strong>aetate</strong></span> <span class='ocrx_word' id='word_1_247' title='bbox 1108 1868 1215 1910; x_wconf 90' lang='lat' dir='ltr'><strong>haud</strong></span> <span class='ocrx_word' id='word_1_248' title='bbox 1247 1868 1435 1922; x_wconf 89' lang='lat' dir='ltr'><strong>exiguam</strong></span> <span class='ocrx_word' id='word_1_249' title='bbox 1465 1872 1680 1923; x_wconf 90' lang='lat' dir='ltr'><strong>poetarum</strong></span> 
     </span>
     <span class='ocr_line' id='line_1_44' title="bbox 177 1935 1682 1992; baseline -0.001 -14"><span class='ocrx_word' id='word_1_250' title='bbox 177 1936 485 1980; x_wconf 88' lang='lat' dir='ltr'><strong>multitudinem</strong></span> <span class='ocrx_word' id='word_1_251' title='bbox 513 1936 699 1979; x_wconf 78' lang='lat' dir='ltr'><strong>extitisse</strong></span> <span class='ocrx_word' id='word_1_252' title='bbox 728 1937 800 1992; x_wconf 90' lang='lat' dir='ltr'><strong>qui</strong></span> <span class='ocrx_word' id='word_1_253' title='bbox 830 1937 1058 1979; x_wconf 88' lang='lat' dir='ltr'><strong>studiorum</strong></span> <span class='ocrx_word' id='word_1_254' title='bbox 1089 1937 1367 1980; x_wconf 90' lang='lat' dir='ltr'><strong>communione</strong></span> <span class='ocrx_word' id='word_1_255' title='bbox 1404 1940 1445 1978; x_wconf 89' lang='lat' dir='ltr'><strong>et</strong></span> <span class='ocrx_word' id='word_1_256' title='bbox 1473 1935 1682 1978; x_wconf 88' lang='lat' dir='ltr'><strong>familiari-</strong></span> 
     </span>
     <span class='ocr_line' id='line_1_45' title="bbox 176 2004 1681 2050; baseline -0.001 -2"><span class='ocrx_word' id='word_1_257' title='bbox 176 2005 275 2048; x_wconf 88' lang='lat' dir='ltr'><strong>tatis</strong></span> <span class='ocrx_word' id='word_1_258' title='bbox 303 2005 466 2049; x_wconf 86' lang='lat' dir='ltr'><strong>vinculo</strong></span> <span class='ocrx_word' id='word_1_259' title='bbox 496 2006 700 2048; x_wconf 92' lang='lat' dir='ltr'><strong>coniuncti</strong></span> <span class='ocrx_word' id='word_1_260' title='bbox 736 2006 780 2048; x_wconf 90' lang='lat' dir='ltr'><strong>in</strong></span> <span class='ocrx_word' id='word_1_261' title='bbox 809 2006 1055 2049; x_wconf 87' lang='lat' dir='ltr'><strong>carminibus</strong></span> <span class='ocrx_word' id='word_1_262' title='bbox 1091 2006 1268 2050; x_wconf 84' lang='lat' dir='ltr'><strong>maxime</strong></span> <span class='ocrx_word' id='word_1_263' title='bbox 1307 2005 1513 2048; x_wconf 88' lang='lat' dir='ltr'><strong>amatoriis</strong></span> <span class='ocrx_word' id='word_1_264' title='bbox 1548 2010 1589 2048; x_wconf 90' lang='lat' dir='ltr'><strong>et</strong></span> <span class='ocrx_word' id='word_1_265' title='bbox 1623 2004 1681 2047; x_wconf 60' lang='lat' dir='ltr'><strong>la</strong></span> 
     </span>
     <span class='ocr_line' id='line_1_46' title="bbox 180 2074 1679 2131; baseline -0.001 -15"><span class='ocrx_word' id='word_1_266' title='bbox 180 2074 305 2118; x_wconf 86' lang='lat' dir='ltr'><strong>scivis</strong></span> <span class='ocrx_word' id='word_1_267' title='bbox 338 2075 602 2125; x_wconf 88' lang='lat' dir='ltr'><strong>elaborarent,</strong></span> <span class='ocrx_word' id='word_1_268' title='bbox 634 2075 820 2131; x_wconf 89' lang='lat' dir='ltr'><strong>pluribus</strong></span> <span class='ocrx_word' id='word_1_269' title='bbox 849 2081 1034 2118; x_wconf 90' lang='lat' dir='ltr'><strong>veterum</strong></span> <span class='ocrx_word' id='word_1_270' title='bbox 1062 2075 1309 2118; x_wconf 87' lang='lat' dir='ltr'><strong>testimoniis</strong></span> <span class='ocrx_word' id='word_1_271' title='bbox 1335 2074 1557 2117; x_wconf 86' lang='lat' dir='ltr'><strong>memoriae</strong></span> <span class='ocrx_word' id='word_1_272' title='bbox 1586 2088 1679 2130; x_wconf 91' lang='lat' dir='ltr'><strong>pro-</strong></span> 
     </span>
     <span class='ocr_line' id='line_1_47' title="bbox 181 2142 1677 2200; baseline 0.001 -16"><span class='ocrx_word' id='word_1_273' title='bbox 181 2142 312 2185; x_wconf 91' lang='lat' dir='ltr'><strong>ditum</strong></span> <span class='ocrx_word' id='word_1_274' title='bbox 345 2148 432 2185; x_wconf 85' lang='lat' dir='ltr'><strong>est:</strong></span> <span class='ocrx_word' id='word_1_275' title='bbox 468 2144 573 2186; x_wconf 89' lang='lat' dir='ltr'><strong>inter</strong></span> <span class='ocrx_word' id='word_1_276' title='bbox 602 2157 703 2198; x_wconf 91' lang='lat' dir='ltr'><strong>quos</strong></span> <span class='ocrx_word' id='word_1_277' title='bbox 732 2148 890 2200; x_wconf 86' lang='lat' dir='ltr'><strong>praeter</strong></span> <span class='ocrx_word' id='word_1_278' title='bbox 919 2144 1123 2187; x_wconf 87' lang='lat' dir='ltr'><strong>Catullum</strong></span> <span class='ocrx_word' id='word_1_279' title='bbox 1154 2144 1325 2186; x_wconf 90' lang='lat' dir='ltr'><strong>Ovidius</strong></span> <span class='ocrx_word' id='word_1_280' title='bbox 1353 2143 1478 2186; x_wconf 88' lang='lat' dir='ltr'><strong>Trist.</strong></span> <span class='ocrx_word' id='word_1_281' title='bbox 1496 2144 1563 2195; x_wconf 88' lang='lat' dir='ltr'><strong>IL,</strong></span> <span class='ocrx_word' id='word_1_282' title='bbox 1594 2145 1677 2188; x_wconf 87' lang='lat'><strong>431</strong></span> 
     </span>
     <span class='ocr_line' id='line_1_48' title="bbox 177 2211 1690 2266; baseline 0.001 -12"><span class='ocrx_word' id='word_1_283' title='bbox 177 2224 267 2266; x_wconf 84' lang='lat' dir='ltr'><strong>sqq.</strong></span> <span class='ocrx_word' id='word_1_284' title='bbox 328 2211 498 2255; x_wconf 88' lang='lat' dir='ltr'><strong>Calvum</strong></span> <span class='ocrx_word' id='word_1_285' title='bbox 520 2212 705 2255; x_wconf 89' lang='lat' dir='ltr'><strong>Ticidam</strong></span> <span class='ocrx_word' id='word_1_286' title='bbox 733 2213 970 2255; x_wconf 89' lang='lat' dir='ltr'><strong>Memmium</strong></span> <span class='ocrx_word' id='word_1_287' title='bbox 1000 2212 1170 2255; x_wconf 87' lang='lat' dir='ltr'><strong>Cinnam</strong></span> <span class='ocrx_word' id='word_1_288' title='bbox 1190 2213 1388 2255; x_wconf 90' lang='lat' dir='ltr'><strong>Anserem</strong></span> <span class='ocrx_word' id='word_1_289' title='bbox 1419 2213 1690 2255; x_wconf 88' lang='lat' dir='ltr'><strong>Cornificium·</strong></span> 
     </span>
     <span class='ocr_line' id='line_1_49' title="bbox 30 2281 1679 2338; baseline -0.001 -12"><span class='ocrx_word' id='word_1_290' title='bbox 30 2324 36 2326; x_wconf 69' lang='grc'>,</span> <span class='ocrx_word' id='word_1_291' title='bbox 175 2281 371 2323; x_wconf 85' lang='lat' dir='ltr'><strong>Catonem</strong></span> <span class='ocrx_word' id='word_1_292' title='bbox 395 2281 657 2323; x_wconf 88' lang='lat' dir='ltr'><strong>Hortensium</strong></span> <span class='ocrx_word' id='word_1_293' title='bbox 680 2281 917 2337; x_wconf 76' lang='lat' dir='ltr'><strong>Laevium1)</strong></span> <span class='ocrx_word' id='word_1_294' title='bbox 949 2281 1214 2324; x_wconf 77' lang='lat' dir='ltr'><strong>enumeravit.</strong></span> <span class='ocrx_word' id='word_1_295' title='bbox 1272 2281 1349 2322; x_wconf 89' lang='lat' dir='ltr'><strong>His</strong></span> <span class='ocrx_word' id='word_1_296' title='bbox 1378 2286 1517 2323; x_wconf 86' lang='lat' dir='ltr'><strong>autem</strong></span> <span class='ocrx_word' id='word_1_297' title='bbox 1547 2282 1679 2338; x_wconf 88' lang='lat' dir='ltr'><strong>poetis</strong></span> 
     </span>
     <span class='ocr_line' id='line_1_50' title="bbox 133 2349 1680 2404; baseline 0 -13"><span class='ocrx_word' id='word_1_298' title='bbox 133 2376 136 2378; x_wconf 75' lang='lat'><strong>,</strong></span> <span class='ocrx_word' id='word_1_299' title='bbox 176 2349 366 2392; x_wconf 87' lang='lat' dir='ltr'><strong>omnibus</strong></span> <span class='ocrx_word' id='word_1_300' title='bbox 395 2350 622 2404; x_wconf 88' lang='lat' dir='ltr'><strong>ceterisque</strong></span> <span class='ocrx_word' id='word_1_301' title='bbox 652 2363 823 2404; x_wconf 90' lang='lat' dir='ltr'><strong>quorum</strong></span> <span class='ocrx_word' id='word_1_302' title='bbox 853 2350 1032 2393; x_wconf 88' lang='lat' dir='ltr'><strong>carmina</strong></span> <span class='ocrx_word' id='word_1_303' title='bbox 1061 2350 1113 2392; x_wconf 88' lang='lat' dir='ltr'><strong>ad</strong></span> <span class='ocrx_word' id='word_1_304' title='bbox 1139 2354 1321 2392; x_wconf 88' lang='lat' dir='ltr'><strong>nostram</strong></span> <span class='ocrx_word' id='word_1_305' title='bbox 1340 2350 1579 2393; x_wconf 85' lang='lat' dir='ltr'><strong>memoriam</strong></span> <span class='ocrx_word' id='word_1_306' title='bbox 1598 2364 1680 2392; x_wconf 89' lang='lat' dir='ltr'><strong>non</strong></span> 
     </span>
    </p>
   </div>
   <div class='ocr_carea' id='block_1_4' title="bbox 68 2614 1680 2937">
    <p class='ocr_par' dir='ltr' id='par_1_4' title="bbox 68 2614 1678 2665">
     <span class='ocr_line' id='line_1_51' title="bbox 68 2614 1678 2665; baseline -0.001 -14"><span class='ocrx_word' id='word_1_307' title='bbox 68 2651 74 2662; x_wconf 32' lang='grc' dir='ltr'>ι</span> <span class='ocrx_word' id='word_1_308' title='bbox 116 2662 121 2665; x_wconf 25' lang='grc'><em>1</em></span> <span class='ocrx_word' id='word_1_309' title='bbox 267 2614 301 2659; x_wconf 94' lang='grc'><strong>1)</strong></span> <span class='ocrx_word' id='word_1_310' title='bbox 324 2615 436 2650; x_wconf 83' lang='lat' dir='ltr'><strong>Huius</strong></span> <span class='ocrx_word' id='word_1_311' title='bbox 462 2616 592 2651; x_wconf 91' lang='lat' dir='ltr'><strong>scilicet</strong></span> <span class='ocrx_word' id='word_1_312' title='bbox 615 2619 735 2661; x_wconf 88' lang='lat' dir='ltr'><strong>poetae</strong></span> <span class='ocrx_word' id='word_1_313' title='bbox 750 2627 878 2651; x_wconf 89' lang='lat' dir='ltr'><strong>nomen</strong></span> <span class='ocrx_word' id='word_1_314' title='bbox 901 2617 938 2651; x_wconf 92' lang='lat' dir='ltr'><strong>in</strong></span> <span class='ocrx_word' id='word_1_315' title='bbox 961 2616 1125 2652; x_wconf 87' lang='lat' dir='ltr'><strong>librorum</strong></span> <span class='ocrx_word' id='word_1_316' title='bbox 1143 2617 1312 2661; x_wconf 85' lang='lat' dir='ltr'><strong>scriptura</strong></span> <span class='ocrx_word' id='word_1_317' title='bbox 1335 2615 1474 2660; x_wconf 74' lang='lat' dir='ltr'><strong>‚,Servi“</strong></span> <span class='ocrx_word' id='word_1_318' title='bbox 1499 2616 1678 2651; x_wconf 87' lang='lat' dir='ltr'><strong>delituisse</strong></span> 
     </span>
    </p>

    <p class='ocr_par' dir='ltr' id='par_1_5' title="bbox 75 2673 1680 2937">
     <span class='ocr_line' id='line_1_52' title="bbox 113 2673 1680 2718; baseline 0.001 -11"><span class='ocrx_word' id='word_1_319' title='bbox 113 2681 116 2684; x_wconf 73' lang='grc'>’</span> <span class='ocrx_word' id='word_1_320' title='bbox 173 2673 349 2708; x_wconf 88' lang='lat' dir='ltr'><strong>communi</strong></span> <span class='ocrx_word' id='word_1_321' title='bbox 372 2673 521 2707; x_wconf 87' lang='lat' dir='ltr'><strong>virorum</strong></span> <span class='ocrx_word' id='word_1_322' title='bbox 546 2673 738 2708; x_wconf 88' lang='lat' dir='ltr'><strong>criticorum</strong></span> <span class='ocrx_word' id='word_1_323' title='bbox 761 2673 833 2707; x_wconf 87' lang='lat' dir='ltr'><strong>fere</strong></span> <span class='ocrx_word' id='word_1_324' title='bbox 857 2674 1008 2708; x_wconf 88' lang='lat' dir='ltr'><strong>omnium</strong></span> <span class='ocrx_word' id='word_1_325' title='bbox 1032 2683 1203 2709; x_wconf 88' lang='lat' dir='ltr'><strong>consensu</strong></span> <span class='ocrx_word' id='word_1_326' title='bbox 1227 2675 1390 2709; x_wconf 86' lang='lat' dir='ltr'><strong>Heinsius</strong></span> <span class='ocrx_word' id='word_1_327' title='bbox 1414 2677 1504 2708; x_wconf 88' lang='lat' dir='ltr'><strong>recte</strong></span> <span class='ocrx_word' id='word_1_328' title='bbox 1527 2674 1680 2718; x_wconf 87' lang='lat' dir='ltr'><strong>percepit</strong></span> 
     </span>
     <span class='ocr_line' id='line_1_53' title="bbox 75 2724 1675 2774; baseline 0 -10"><span class='ocrx_word' id='word_1_329' title='bbox 75 2724 89 2733; x_wconf 80' lang='grc'><strong>’”</strong></span> <span class='ocrx_word' id='word_1_330' title='bbox 163 2729 297 2773; x_wconf 77' lang='lat' dir='ltr'><strong>-collato</strong></span> <span class='ocrx_word' id='word_1_331' title='bbox 322 2729 481 2774; x_wconf 87' lang='lat' dir='ltr'><strong>inprimis</strong></span> <span class='ocrx_word' id='word_1_332' title='bbox 499 2730 571 2765; x_wconf 88' lang='lat' dir='ltr'><strong>loco</strong></span> <span class='ocrx_word' id='word_1_333' title='bbox 589 2730 745 2765; x_wconf 84' lang='lat' dir='ltr'><strong>Gelliano</strong></span> <span class='ocrx_word' id='word_1_334' title='bbox 761 2729 903 2765; x_wconf 86' lang='lat' dir='ltr'>XVIIII.</span> <span class='ocrx_word' id='word_1_335' title='bbox 920 2731 953 2773; x_wconf 86' lang='lat'><strong>9,</strong></span> <span class='ocrx_word' id='word_1_336' title='bbox 969 2730 1002 2765; x_wconf 82' lang='lat'><strong>7.</strong></span> <span class='ocrx_word' id='word_1_337' title='bbox 1024 2730 1203 2765; x_wconf 87' lang='lat' dir='ltr'><strong>Praeterea</strong></span> <span class='ocrx_word' id='word_1_338' title='bbox 1217 2732 1358 2767; x_wconf 88' lang='lat' dir='ltr'><strong>nomina</strong></span> <span class='ocrx_word' id='word_1_339' title='bbox 1373 2734 1407 2765; x_wconf 88' lang='lat' dir='ltr'><strong>et</strong></span> <span class='ocrx_word' id='word_1_340' title='bbox 1424 2731 1529 2765; x_wconf 89' lang='lat' dir='ltr'><strong>libros</strong></span> <span class='ocrx_word' id='word_1_341' title='bbox 1546 2740 1675 2772; x_wconf 86' lang='lat' dir='ltr'><strong>eorum,</strong></span> 
     </span>
     <span class='ocr_line' id='line_1_54' title="bbox 161 2786 1676 2831; baseline 0.001 -10"><span class='ocrx_word' id='word_1_342' title='bbox 161 2786 233 2831; x_wconf 68' lang='lat' dir='ltr'><strong>qui</strong></span> <span class='ocrx_word' id='word_1_343' title='bbox 257 2786 372 2822; x_wconf 82' lang='lat' dir='ltr'><strong>studia</strong></span> <span class='ocrx_word' id='word_1_344' title='bbox 386 2786 507 2822; x_wconf 85' lang='lat' dir='ltr'><strong>horum</strong></span> <span class='ocrx_word' id='word_1_345' title='bbox 524 2788 702 2831; x_wconf 81' lang='lat' dir='ltr'><strong>poetarum</strong></span> <span class='ocrx_word' id='word_1_346' title='bbox 718 2788 983 2831; x_wconf 85' lang='lat' dir='ltr'><strong>explicaverunt,</strong></span> <span class='ocrx_word' id='word_1_347' title='bbox 1000 2788 1163 2823; x_wconf 82' lang='lat' dir='ltr'><strong>indicavit</strong></span> <span class='ocrx_word' id='word_1_348' title='bbox 1178 2788 1338 2824; x_wconf 86' lang='lat' dir='ltr'><strong>Schwabe</strong></span> <span class='ocrx_word' id='word_1_349' title='bbox 1354 2788 1492 2831; x_wconf 85' lang='lat' dir='ltr'><strong>Quaest.</strong></span> <span class='ocrx_word' id='word_1_350' title='bbox 1510 2787 1635 2827; x_wconf 76' lang='lat' dir='ltr'><strong>Catuli.</strong></span> <span class='ocrx_word' id='word_1_351' title='bbox 1650 2788 1676 2823; x_wconf 93' lang='grc' dir='ltr'><strong>Ι.</strong></span> 
     </span>
     <span class='ocr_line' id='line_1_55' title="bbox 171 2837 708 2889; baseline 0.006 -12"><span class='ocrx_word' id='word_1_352' title='bbox 171 2852 249 2889; x_wconf 78' lang='lat' dir='ltr'><strong>pag.</strong></span> <span class='ocrx_word' id='word_1_353' title='bbox 266 2837 333 2880; x_wconf 78' lang='lat'><strong>311</strong></span> <span class='ocrx_word' id='word_1_354' title='bbox 356 2843 414 2886; x_wconf 79' lang='lat' dir='ltr'><strong>(cf.</strong></span> <span class='ocrx_word' id='word_1_355' title='bbox 438 2845 540 2879; x_wconf 83' lang='lat' dir='ltr'><strong>etiam</strong></span> <span class='ocrx_word' id='word_1_356' title='bbox 563 2855 596 2889; x_wconf 93' lang='lat' dir='ltr'><strong>p.</strong></span> <span class='ocrx_word' id='word_1_357' title='bbox 613 2843 708 2887; x_wconf 87' lang='grc'><strong>310).</strong></span> 
     </span>
     <span class='ocr_line' id='line_1_56' title="bbox 179 2903 1470 2937; baseline 0.001 -16"><span class='ocrx_word' id='word_1_358' title='bbox 179 2919 181 2921; x_wconf 74' lang='grc'><strong>,</strong></span> <span class='ocrx_word' id='word_1_359' title='bbox 1428 2903 1470 2937; x_wconf 57' lang='lat' dir='ltr'><strong>lt</strong></span> 
     </span>
    </p>
   </div>
  </div>
 </body>
</html>
