1923 3104
898 87 924 127 9

161 214 358 254 sermonis
395 213 547 255 formae
585 214 941 262 circumferuntur,
983 212 1041 253 ita
1070 216 1203 252 tamen
1234 216 1281 252 ut
1311 216 1429 266 poeta
1458 225 1588 265 neque
1619 211 1661 252 in

160 281 384 324 archaismo
415 286 485 323 aut
508 281 765 335 vulgarismo,
796 286 843 322 ut
872 294 1084 336 perperam
1106 281 1261 335 loquar,
1294 294 1429 334 neque.
1446 280 1486 321 in
1509 281 1662 322 urbana

160 349 357 391 latinitate
385 352 484 392 fines
513 350 803 405 temperantiae
825 353 866 390 et
885 349 1172 391 moderationis
1194 350 1403 390 transiisse
1425 349 1659 403 reperiatur.

162 419 247 461 Iam
292 420 412 475 igitur
457 418 640 460 Catullus
683 418 871 473 quoniam
919 417 1120 471 insignem
1168 418 1275 461 inter
1315 421 1453 474 poetas
1496 417 1661 458 Latinos

162 489 293 530 locum
333 489 505 536 obtinet,
552 488 616 528 vel
657 488 743 528 ideo
781 487 881 527 mihi
914 487 1051 527 videor
1095 501 1239 542 operae
1278 487 1451 541 pretium
1483 488 1662 527 tacturus

160 570 268 607 esse,
300 557 332 598 si
362 556 405 597 in
436 555 521 597 eius
551 569 633 597 rem
664 555 964 609 grammaticam
996 558 1036 596 et
1066 555 1292 604 metricam,
1325 554 1537 610 praecipue
1571 568 1661 609 pro-

164 625 320 666 sodiam
351 624 576 665 accuratius
607 624 850 678 pleniusque
872 624 1085 677 inquiram.

802 992 956 1044 (JAP.
990 993 1029 1044 Ι.

365 1150 423 1203 A.
482 1149 561 1202 De
607 1150 819 1203 formis
863 1152 1158 1204 sermonis
1203 1151 1457 1217 antiqui.

274 1277 361 1326 Qua
391 1277 433 1318 in
464 1291 507 1318 re
540 1277 669 1332 primo
703 1277 789 1319 loco
823 1277 1102 1319 disserendum
1135 1283 1196 1319 est

676 1355 728 1404 a.
766 1369 822 1404 De
847 1369 1134 1413 orthographia

160 1462 279 1502 quam
299 1448 483 1489 Catullus
514 1449 555 1489 in
586 1449 834 1490 carminibus
872 1450 958 1490 suis
979 1449 1142 1491 videtur
1165 1455 1337 1491 secutus>
1357 1462 1455 1490 esse.
1504 1448 1664 1490 Etenim

160 1521 206 1558 ut
255 1521 391 1558 nostra
441 1521 571 1559 aetate
623 1531 703 1558 non
750 1518 943 1560 omnibus
985 1533 1066 1559 una
1110 1518 1329 1572 eademque
1372 1517 1666 1560 vocabulorum

161 1586 467 1628 scribendorum
505 1587 606 1628 ratio
645 1587 798 1642 pariter
832 1589 1044 1642 probatur,
1084 1588 1140 1628 ita
1171 1587 1292 1628 etiam
1323 1587 1428 1642 apud
1463 1587 1665 1627 Romanos

162 1655 336 1697 diversis
377 1656 626 1711 temporibus
667 1656 873 1697 diversum
908 1656 1127 1710 scripturae
1157 1670 1282 1710 genus
1312 1655 1510 1706 obtinuit,
1551 1655 1667 1695 cuius

161 1723 219 1764 rei
262 1737 424 1764 causam
470 1738 549 1764 non
587 1724 643 1765 ita
679 1723 845 1764 difficile
887 1724 1130 1779 explicabis,
1179 1724 1276 1764 dum
1311 1723 1430 1765 modo
1462 1723 1512 1764 ad
1543 1723 1665 1763 unius

161 1792 354 1846 cuiusque
400 1793 607 1848 scriptoris
644 1798 833 1834 naturum
872 1797 913 1834 et
949 1806 1081 1834 mores
1119 1793 1363 1848 respexeris.
1424 1791 1530 1833 Nam
1572 1792 1665 1832 hinc

162 1861 337 1902 maxime
367 1862 517 1903 factum
549 1869 624 1913 est,
655 1866 702 1904 ut
731 1862 805 1902 alii
836 1862 881 1902 in
911 1861 1107 1916 stirpibus
1137 1866 1177 1902 et
1203 1861 1559 1902 terminationibus
1579 1874 1667 1901 ver-

165 1930 307 1971 borum
340 1944 523 1972 normam
546 1931 669 1972 semel
693 1931 953 1973 constitutam
974 1944 1113 1986 presse
1135 1935 1409 1984 sequerentur,
1437 1930 1511 1971 alii
1528 1933 1667 1971 contra

165 1998 330 2040 illorum
382 1989 609 2054 temporum
658 2000 806 2053 quibus
852 1999 1053 2041 vocalium
1099 2012 1444 2052 consonarumque
1494 1997 1667 2039 varietas

164 2067 281 2113 certis
311 2068 471 2121 legibus
503 2068 682 2110 nondum
715 2069 885 2123 coercita
915 2074 1001 2110 erat
1022 2068 1353 2110 consuetudinem
1379 2067 1580 2110 scribendi
1603 2081 1668 2108 ex-

162 2136 336 2190 primere
366 2137 550 2179 mallent.
602 2138 653 2179 Et
682 2137 819 2192 prisca
847 2138 946 2179 haec
967 2138 1204 2179 Latinorum
1227 2136 1512 2191 orthographia
1533 2136 1667 2190 qualis

163 2204 286 2246 fuerit
321 2205 542 2247 luculentis
585 2210 794 2261 poetarum
825 2207 1064 2261 tragicorum
1096 2205 1415 2259 comicorumque
1448 2205 1519 2259 qui
1549 2205 1666 2246 tertio
1693 2248 1696 2250 ,

163 2287 199 2315 a.
233 2273 305 2317 Ch.
347 2274 502 2315 saeculo
534 2274 758 2316 floruerunt
786 2275 1028 2316 testimoniis
1070 2275 1170 2316 satis
1212 2274 1418 2327 cognitum
1454 2274 1665 2316 habemus.

276 2342 344 2384 Sic
357 2342 562 2384 veteribus
583 2342 628 2383 in
647 2357 723 2384 usu
740 2343 817 2386 fuit
832 2344 1063 2398 ubicunque
1079 2343 1303 2399 geminatae
1320 2357 1385 2384 uu
1403 2343 1561 2384 litterae
1576 2356 1667 2384 con-

165 2416 383 2464 currerent,
415 2426 585 2471 quarum
605 2412 717 2467 prior
737 2417 808 2454 aut
830 2426 1027 2455 consonae
1048 2416 1117 2454 aut
1137 2412 1288 2453 vocalis
1310 2412 1398 2453 vice
1423 2412 1666 2466 fungeretur,

163 2494 246 2521 non
282 2494 348 2521 uu
379 2480 449 2522 sed
480 2495 535 2522 uo
566 2481 813 2536 perscribere
845 2481 914 2536 (ef.
947 2481 1114 2530 Quintil.
1147 2481 1179 2532 I,
1211 2483 1251 2534 4,
1286 2483 1366 2531 11).
1428 2481 1558 2530 Quam
1587 2479 1668 2520 late

164 2554 301 2590 autem
341 2549 520 2604 patuerit
554 2550 653 2591 haec
694 2550 897 2591 scribendi
936 2549 1163 2591 constantia
1193 2550 1289 2591 inde
1320 2554 1454 2605 potest
1483 2548 1667 2602 intelligi,

165 2617 272 2672 quod
302 2631 353 2659 ne
383 2631 408 2659 a
438 2619 730 2674 posterioribus
761 2619 927 2673 quidem
958 2619 1087 2675 poetis
1108 2619 1287 2674 Augusti
1318 2618 1557 2673 aequalibus
1585 2630 1668 2658 om-

98 2712 101 2715 ·
164 2687 261 2729 nino
301 2687 432 2728 abest:
471 2702 566 2729 nam
596 2688 821 2742 Vergilium
864 2702 1023 2743 semper
1051 2688 1092 2728 in
1122 2689 1199 2729 hac
1229 2704 1272 2729 re
1303 2703 1357 2730 uo
1390 2686 1573 2742 posuisse
1604 2685 1670 2727 de—

168 2756 388 2798 montravit
416 2756 620 2811 Wagner,
667 2757 852 2812 Orthogr.
883 2756 1034 2811 Vergil.
1082 2772 1121 2813 p.
1164 2758 1248 2800 476
1295 2771 1381 2812 sqq.
1441 2756 1473 2807 E
1519 2754 1670 2797 Catulli

166 2825 363 2880 poematis
394 2826 562 2879 contigit
591 2827 788 2881 expiscari
817 2827 915 2867 haec
944 2826 1026 2867 fere
1056 2826 1258 2881 exempla:
1292 2839 1427 2867 servos
1455 2824 1605 2874 XXIII,
1634 2826 1670 2867 1.
