1923 3104
966 99 1023 145 32

236 225 320 267 ista
349 224 433 268 fere
463 225 692 268 communis
721 226 1080 279 grammaticorum
1110 227 1395 285 interpretatio
1424 228 1558 272 veluti
1588 222 1745 273 Struvii

235 306 405 348 gramm.
436 293 524 336 Lat.
555 309 596 350 p.
634 294 730 345 137,
766 294 939 349 Reisigii
970 295 1097 338 schol.
1129 296 1218 340 Lat.
1249 311 1288 353 p.
1320 297 1424 350 225,
1455 298 1588 341 Curtii
1617 303 1743 356 temp.
1762 295 1763 298 ’
1812 273 1896 351 e

235 367 278 404 et
314 362 423 405 mod.
461 377 498 418 p.
536 364 642 414 291,
680 362 762 404 nisi
797 363 906 418 quod
935 363 1152 420 Zumptius
1184 365 1209 421 ξ
1244 367 1324 410 162
1354 376 1558 422 syncopen
1584 366 1745 410 litterae

235 447 256 473 e
297 431 454 473 statuit.
514 432 580 474 Ab
625 431 692 472 his
729 432 920 475 omnibus
956 431 1164 488 discrepat
1193 433 1417 477 Corssenus
1446 434 1488 476 II
1517 449 1556 491 p.
1589 436 1673 480 736
1702 439 1745 478 et
1824 400 1890 497 -

236 501 367 554 symb.
415 500 503 542 crit.
547 514 587 555 p.
629 501 712 543 537
744 513 804 554 sq.
848 501 932 544 539
963 514 1023 556 sq.
1060 505 1167 543 recte
1203 502 1284 544 nisi
1326 502 1447 545 fallor
1475 502 1664 546 iudicans
1693 517 1744 546 ex

235 568 396 611 duobus
425 568 614 610 terminis
643 568 820 610 alterum
850 571 956 611 ibam
986 570 1184 611 sermonis
1207 584 1302 613 vere
1329 571 1487 628 antiqui
1515 584 1617 624 esse,
1649 584 1743 614 cum

234 637 338 679 alter
365 638 491 680 iebam
523 642 666 694 postea
694 637 858 680 demum
879 652 929 680 ex
949 638 1137 693 analogia
1156 638 1505 695 E-coniugationis
1526 639 1741 683 exstiterit.
1808 648 1811 650 '
1839 627 1905 684 “⁴²2⁴

233 706 355 748 Tales
418 706 547 761 igitur
610 706 760 748 formas
805 706 992 748 Catullus
1040 711 1122 749 tres
1168 709 1384 763 usurpavit
1443 723 1543 764 quas
1595 709 1765 751 afferet.
1846 701 1912 741 1121„

235 774 501 817 custodibant
550 775 723 826 LXIIII,
783 777 881 818 319.
931 776 1092 818 scibant
1150 775 1362 829 LXV11112,
1420 777 1487 820 85.
1545 777 1743 821 audibant

234 842 486 887 LXXXIIII.
508 845 545 888 8.
591 843 652 885 Ex
686 843 752 885 his
781 844 956 886 formam
984 849 1145 887 tantum
1175 846 1341 887 scibant·
1357 845 1514 888 codices
1542 846 1741 900 integram

233 917 463 964 servarunt,
495 912 539 953 in
565 913 710 954 ceteris
740 926 885 955 manus
906 912 1166 956 librariorum
1186 914 1442 968 agnoscimus
1463 915 1533 970 qui
1555 914 1742 972 imperite

232 981 384 1024 formas
415 981 601 1037 vulgares
638 986 768 1024 metro
799 982 1079 1024 incommodas
1109 988 1380 1025 correxerunt.
1412 1008 1465 1014 —
1497 983 1630 1033 Quam
1659 983 1742 1026 late

231 1055 370 1103 autem
419 1051 597 1106 patuerit
639 1051 703 1092 vel
754 1051 863 1106 apud
914 1051 1158 1107 posteriores
1208 1051 1283 1092 hoc
1332 1051 1556 1108 scripturae
1597 1065 1739 1106 genuS,

231 1120 384 1175 optime
434 1119 643 1161 declarant
692 1119 770 1161 loci
821 1133 923 1174 quos
967 1119 1086 1162 Nevii
1131 1119 1346 1174 diligentia
1385 1120 1424 1162 H
1469 1135 1509 1177 p.
1551 1121 1635 1164 346
1678 1134 1739 1175 sq.

230 1187 406 1242 collegit.

350 1259 390 1299 4.
441 1257 656 1299 Praeterea
705 1261 751 1299 ut
800 1257 841 1298 in
892 1257 1124 1312 imperfecto
1165 1257 1499 1311 I-coniugationis
1548 1258 1740 1300 suffixum

232 1325 352 1367 illud·
390 1326 496 1367 ibam
547 1339 621 1381 pro
662 1325 842 1381 pleniore
890 1326 1021 1367 forma
1050 1325 1239 1367 adhibere
1269 1325 1382 1367 nullo
1413 1326 1531 1382 plane
1560 1331 1741 1383 tempore

232 1394 441 1437 desierunt
489 1401 650 1449 poetae,
702 1395 762 1436 ita
791 1409 842 1436 ne
868 1394 996 1436 futuri
1027 1393 1194 1447 quidem
1224 1394 1407 1435 eiusdem
1439 1394 1736 1450 coniugationis

226 1463 361 1519 prisce
405 1463 532 1505 in-ibo
569 1462 781 1505 terminati
824 1462 990 1504 omnino
1030 1462 1195 1504 evanuit
1224 1462 1399 1505 imitatio
1437 1463 1739 1522 aemulatioque

229 1533 278 1574 cf.
311 1532 354 1573 L.
385 1532 610 1574 Muellerus
639 1532 689 1574 de
721 1546 764 1573 re
794 1537 912 1572 metr.
945 1545 981 1585 p.
1015 1533 1110 1574 402.
1170 1532 1304 1585 Atque
1333 1531 1454 1573 huius
1483 1531 1739 1573 formationis

228 1614 359 1642 unum
389 1600 433 1643 in
463 1600 671 1644 codicibus
704 1599 949 1642 Catullianis
979 1599 1212 1654 exemplum
1242 1604 1427 1655 superest
1456 1599 1568 1651 XXI,
1600 1601 1626 1641 6
1664 1600 1738 1643 ubi
1814 1588 1841 1644 .”

227 1669 327 1712 libri
376 1669 522 1726 optimi
571 1669 793 1724 experibus
842 1667 908 1710 vel
948 1669 1153 1722 emperz'bz's
1188 1668 1469 1724 suppeditant,
1519 1668 1628 1712 unde
1663 1681 1738 1711 nec

228 1739 334 1781 inter
370 1739 531 1795 priores
567 1753 642 1781 nec
671 1738 778 1781 inter
806 1737 1049 1779 recentiores
1081 1737 1294 1779 defuerunt
1323 1737 1396 1792 qui
1428 1738 1575 1780 veteris
1605 1737 1733 1780 futuri

228 1809 400 1850 formam
433 1809 638 1862 experibis
668 1807 744 1849 hoc
773 1807 860 1849 loco
891 1805 1146 1848 scribendam
1169 1819 1258 1847 esse
1278 1810 1468 1861 putarent
1486 1811 1532 1847 ut
1553 1805 1737 1849 Muretus
1799 1842 1802 1843 ⁷

232 1876 414 1931 Scaliger
473 1890 624 1932 eosque
672 1880 836 1919 secutus
886 1874 1173 1919 Rossbachius,
1254 1876 1508 1930 Quamquam
1557 1875 1592 1916 si
1641 1874 1735 1930 quis

227 1946 427 1988 orationis
463 1950 710 1988 structuram
747 1945 790 1986 in
828 1944 905 1985 hac
934 1944 1123 1986 carminis
1153 1948 1266 1999 parte
1298 1943 1363 1986 vel
1394 1943 1527 1986 obiter
1556 1942 1737 1985 conside-

226 2014 400 2067 raverit,
443 2014 569 2057 futuri
610 2013 725 2055 nulla
769 2012 927 2055 ratione
964 2012 1031 2055 hic
1059 2012 1194 2055 locum
1224 2026 1313 2055 esse
1343 2025 1462 2069 posse
1492 2010 1738 2055 confidenter

226 2084 408 2127 habebit.
459 2083 564 2125 Nam
594 2083 644 2125 de
674 2097 716 2124 re
747 2082 951 2138 praesenti
983 2096 1078 2123 cum
1107 2086 1263 2135 agatur,
1294 2081 1479 2134 singulae
1509 2080 1736 2123 sententiae

227 2152 349 2194 etiam
399 2151 685 2210 praesentibus
732 2150 983 2206 temporibus
1027 2151 1246 2193 efferantur
1289 2162 1454 2191 necesse
1490 2156 1572 2200 est,
1598 2148 1737 2192 'velut

226 2226 334 2263 recte
385 2236 474 2264 sese
523 2220 736 2276 excipiunt
784 2219 864 2261 ita:
915 2232 1010 2260 nam
1059 2218 1186 2260 simul
1230 2230 1274 2259 es
1305 2241 1359 2248 -—
1389 2217 1536 2260 iocaris
1567 2230 1650 2259 una
1679 2241 1733 2248 —-

225 2291 370 2334 haeres
400 2290 452 2333 ad
482 2291 604 2334 latus.
657 2288 765 2339 Quid
795 2287 945 2343 igitur?
974 2302 1075 2330 num
1102 2286 1297 2330 credibile
1317 2287 1506 2342 cuiquam
1526 2285 1734 2329 videbitur

229 2364 394 2416 poetam
423 2358 772 2414 elegantissimum
798 2357 843 2398 in
873 2356 1087 2398 enunciato
1109 2355 1377 2410 subsequenti
1397 2353 1733 2410 aequabilitatem

224 2428 427 2471 sermonis
472 2433 624 2471 temere
664 2425 890 2482 neglexisse
931 2424 1086 2467 adiecto
1123 2429 1305 2481 tempore
1344 2424 1478 2466 futuro
1512 2423 1634 2480 plane
1671 2422 1732 2466 in-

223 2496 464 2541 tolerabili?
522 2497 561 2539 A
591 2509 714 2539 sensu
744 2495 871 2550 igitur
900 2508 1064 2551 prorsus
1093 2494 1279 2550 ineptum
1309 2497 1373 2535 est
1389 2491 1494 2535 illud
1514 2492 1731 2547 expet-abab,

224 2580 306 2609 non
336 2566 435 2609 item
466 2580 491 2607 a
520 2566 662 2618 forma,
694 2565 731 2607 si
761 2563 930 2620 quidem
959 2563 1149 2619 leguntur
1176 2561 1287 2619 apud
1309 2561 1501 2604 Plautum
1521 2565 1564 2604 et
1582 2560 1732 2603 Teren-

223 2636 328 2678 tium
358 2636 484 2678 verba
522 2634 769 2691 deponentia
803 2647 907 2688 quae
937 2632 1111 2675 activam
1139 2631 1468 2674 terminationem
1496 2629 1732 2683 induerunt,

223 2703 339 2746 velut
367 2707 590 2757 comperior
625 2708 668 2745 et
696 2705 910 2756 comperio,
948 2702 1104 2755 Zaryiar
1133 2705 1175 2742 et
1203 2700 1394 2753 illaryibo
1425 2698 1575 2753 quibus
1604 2697 1733 2741 utitur
1813 2734 1815 2737 .
1846 2724 1905 2749 ,

224 2772 500 2815 Rossbachius
549 2772 593 2814 in
643 2771 781 2813 adnot.
833 2770 921 2813 crit.
973 2784 1012 2825 p.
1049 2769 1097 2811 X.
1149 2769 1217 2824 (cf.
1255 2768 1404 2811 Struve
1432 2767 1458 2810 l.
1490 2781 1531 2809 n.
1562 2781 1601 2822 p.
1635 2766 1730 2818 152,
1759 2764 1764 2769 ’

224 2840 340 2884 Neue
376 2841 415 2883 II
445 2856 484 2899 p.
517 2843 597 2885 341
640 2842 720 2896 sq.)
778 2840 837 2882 At
866 2852 962 2881 vero
1002 2852 1052 2880 ne
1083 2838 1200 2895 plura
1231 2837 1353 2880 verba
1381 2836 1576 2879 faciamus
1607 2835 1657 2878 de
1687 2850 1732 2880 re
1759 2834 1909 2893 §.fni-⁴.

1898 1938 1923 1968 §³

1883 1954 1923 2021 ,ἐξ

1889 2047 1923 2097 3*

1886 2105 1921 2135 J<-

1889 2140 1905 2160 ·=⁴⁴
1910 2138 1923 2161 ᾗ

1900 2162 1923 2191 5:

1891 2195 1897 2211 ,ζ
1902 2191 1921 2215 ‹¹¹-
