1923 3104
910 54 960 100 17

153 240 251 310 fest
278 252 389 308 quod
417 252 648 303 Luci-etim,
686 251 946 305 antiquitatis
976 250 1322 302 studiosissimus»,
1365 252 1497 294 tribus
1527 259 1685 295 tantum

75 333 149 380 {²23²
179 320 391 378 ,exemplis
435 326 614 364 veterem
658 319 968 375 orthographiae
1011 333 1162 361 morem
1206 319 1420 375 amplexus
1459 326 1522 364 est
1551 322 1686 364 iudice

82 387 148 431 .”ῖ*’
175 390 462 443 ’ΒαοΙιωαιηιω
494 403 638 439 comm.
668 389 785 432 Lucr.
817 404 856 445 p.
874 389 974 431 244.

302 461 442 516 Nequo
493 458 654 500 silentio
702 457 1038 515 praetereundum
1087 457 1251 500 videtur
1299 459 1533 513 genetivum
1582 460 1687 514 sing.

188 530 398 573 nominum
429 527 571 570 in-ius
611 527 678 570 vel
724 527 893 568 in-ium
923 526 1198 569 desinentium
1237 527 1416 584 exceptis
1455 528 1682 582 trisyllabis

76 585 88 645 Ἴ,
119 589 129 609 ”
164 593 401 642 'vocabulis
444 596 504 638 eis
552 609 724 651 quorum
767 595 1115 651 antepaenultima
1159 596 1292 638 brevis
1337 602 1418 647 est,
1463 597 1505 638 in
1549 597 1688 653 lingua

189 666 349 709 florenti
392 665 517 718 vulgo
560 669 806 721 contractum
847 665 893 705 in
922 668 942 705 i
968 663 1185 719 perhiberi.
1243 664 1361 706 Hunc
1398 665 1464 706 sui
1493 667 1688 722 temporis

189 748 309 777 usum
351 738 472 789 poeta
500 733 748 775 Veronensis
786 737 1015 775 constanter
1053 731 1264 788 adoptavit
1301 733 1344 774 in
1386 733 1620 776 nominibus
1651 739 1690 776 et

189 801 370 858 propriis
392 807 433 843 et
455 801 726 857 appellativiS,
759 814 931 855 quorum
953 816 975 843 e
995 815 1175 854 numero,
1206 807 1252 843 ut
1271 801 1347 842 illa
1367 815 1474 843 nunc
1489 802 1687 854 omittam,

189 869 305 913 lubet
345 870 483 912 afferre
532 870 591 912 fili
635 869 883 922 XXXVIIII,
930 871 969 912 4.
1014 870 1086 913 loti
1126 869 1225 911 ibid.
1257 871 1308 914 21
1356 870 1436 912 iam
1478 871 1529 912 ab
1572 870 1688 912 Italis

192 943 426 990 correctum,
470 939 607 994 tuguri
648 939 781 994 Priap.
811 938 1039 990 LXXXVI,
1082 940 1107 979 6
1157 938 1271 993 (olim
1305 938 1390 982 Cat.
1422 939 1598 991 XVIIII,
1630 940 1686 994 6).

178 1006 402 1051 ‚Accedunt
439 1008 589 1060 formae
619 1023 763 1051 vocum
792 1008 1033 1050 Graecarum
1062 1012 1266 1062 corr-eptae
1296 1007 1444 1062 quibus
1474 1022 1556 1049 non
1585 1008 1688 1049 nulli

192 1076 411 1132 scriptores
459 1076 524 1117 usi
574 1083 670 1119 sunt
709 1090 756 1118 ea
793 1076 899 1131 lege,
939 1080 985 1117 ut
1023 1088 1105 1117 non
1145 1088 1224 1116 una
1263 1075 1333 1117 sed
1373 1075 1512 1131 plures
1552 1089 1689 1118 morae

192 1144 373 1187 vocalem
388 1144 553 1186 finalem
565 1145 847 1187 antecederent
859 1146 906 1188 cf.
923 1143 1087 1186 Lachm.
1105 1143 1156 1184 ad
1171 1144 1286 1185 Lucr.
1296 1158 1335 1199 p.
1347 1144 1441 1186 327.
1459 1144 1643 1185 Corssen.
1652 1144 1691 1185 II

193 1226 233 1269 p.
266 1213 347 1255 697
379 1225 440 1266 sq.
490 1213 578 1255 Hoc
619 1213 738 1255 modo
781 1213 964 1255 Catullus
1004 1212 1110 1254 dixit
1150 1212 1337 1267 gymnasi
1377 1212 1522 1262 LXIII,
1556 1212 1611 1255 64
1640 1212 1689 1255 cf.

191 1281 325 1323 Plaut.
356 1281 501 1324 Bacch.
533 1282 630 1324 427.
662 1287 703 1323 et
732 1281 918 1336 conchyli
947 1280 1111 1332 LXlIII,
1140 1282 1194 1322 49
1228 1285 1273 1321 ut
1299 1280 1443 1322 Lucret
1462 1280 1533 1331 VI,
1570 1282 1690 1323 1074.

1 1335 64 1402 ζ’
122 1387 124 1389 μ
193 1349 406 1392 Praeterea
434 1349 557 1391 haece
578 1350 664 1392 eius
694 1349 806 1392 modi
827 1349 1119 1393 vocabulorum
1148 1349 1301 1390 formae
1321 1349 1499 1402 genetivi
1520 1355 1691 1402 coactae,

194 1418 329 1471 qualis
358 1419 400 1459 in
430 1422 606 1471 mancipi
632 1432 791 1473 semper
819 1422 1054 1460 conservata
1083 1422 1158 1469 est,
1190 1417 1313 1458 etiam
1348 1417 1478 1471 poetis
1508 1419 1692 1470 Augusto

192 1485 431 1542 aequalibus
479 1486 655 1528 maxime
704 1485 922 1528 familiares
968 1491 1065 1528 sunt
1104 1486 1183 1527 nisi
1231 1484 1338 1540 quod
1377 1484 1612 1541 Propertius
1653 1490 1693 1528 et

194 1554 369 1597 Ovidius
429 1555 552 1610 primi
615 1560 747 1597 vetere
796 1569 909 1596 more
957 1555 1138 1610 neglecto
1187 1554 1413 1610 pleniorem
1472 1554 1693 1596 terminum

192 1623 485 1675 adhibuerunt,
525 1623 566 1665 id
606 1624 711 1678 quod
751 1623 906 1665 dudum
945 1623 1179 1666 observavit
1207 1623 1421 1665 Bentleius
1451 1622 1502 1664 ad
1533 1622 1691 1664 Terent.

194 1691 322 1734 Andr.
352 1690 449 1734 320.

308 1762 348 1803 3.
390 1759 436 1801 In
480 1759 605 1802 dandi
635 1775 732 1802 casu
767 1762 894 1802 semel
926 1760 1075 1802 Graece
1111 1760 1224 1801 flexit
1254 1759 1363 1801 Pelei
1392 1759 1563 1810 LXIlII,
1595 1761 1691 1810 382,

79 1813 96 1862 «Τ
195 1839 287 1869 cum
331 1827 431 1870 ibid.
470 1827 553 1870 336
589 1828 688 1870 item
728 1829 771 1870 in
809 1833 989 1870 extremo
1026 1842 1148 1871 versu
1185 1829 1300 1869 Peleo
1337 1828 1480 1869 Latine
1521 1828 1693 1870 scribere

86 1901 90 1903 “
123 1922 125 1924 ·
195 1894 352 1939 maluit.
402 1895 591 1937 Alterum
632 1897 739 1938 enim
789 1896 898 1950 quod
942 1896 984 1937 in
1027 1896 1273 1938 editionibus
1318 1896 1526 1951 prioribus
1568 1895 1691 1951 vulgo

196 1963 475 2005 circumfertur
514 1964 747 2019 exemplum
786 1965 952 2007 Callisto
982 1964 1126 2016 LXVI,
1168 1965 1221 2006 66
1259 1964 1315 2005 ita
1345 1963 1527 2005 'Callisto
1558 1964 1693 2005 iuncta

195 2031 423 2087 Lycaoniae
457 2033 520 2074 vel
555 2033 797 2088 Lycaonidi‘
834 2047 914 2075 non
950 2032 1084 2075 solum
1124 2032 1366 2088 optimorum
1398 2031 1584 2074 codicum
1614 2031 1693 2074 fide

195 2113 363 2156 prorsus
393 2106 522 2153 caret,
565 2101 636 2143 sed
671 2102 893 2144 verendum
922 2102 1044 2144 etiam
1073 2106 1148 2152 est,
1178 2115 1227 2142 ne
1257 2105 1394 2143 contra
1422 2100 1556 2143 Servii
1586 2101 1697 2143 testi-

195 2170 378 2211 monium
422 2168 471 2210 ad
513 2169 614 2213 Aen.
653 2171 743 2224 VII,
786 2171 869 2212 324
912 2170 982 2225 qui
1023 2169 1090 2211 his
1138 2169 1349 2211 vocabulis
1399 2169 1509 2211 in-o
1553 2170 1695 2212 missis

198 2236 386 2279 dativum
416 2237 557 2279 deesse
587 2238 713 2279 tradit
742 2262 796 2268 —
827 2239 870 2280 id
900 2238 1008 2293 quod
1036 2243 1247 2294 poetarum
1278 2237 1450 2279 aliorum
1482 2251 1581 2279 usus
1602 2252 1695 2280 con-

197 2304 552 2348 firmat—temere
571 2306 617 2347 in
634 2306 782 2348 Catulli
803 2308 926 2349 verba
947 2307 1073 2350 talem
1092 2308 1261 2349 formam
1281 2305 1516 2348 inferamus.
1547 2308 1635 2357 Qua
1653 2321 1697 2348 re

196 2372 358 2416 videtur
386 2374 670 2417 Lachmannus
711 2381 845 2418 motus
881 2376 1028 2427 fuisse,
1066 2380 1112 2417 ut
1140 2389 1232 2416 cum
1263 2374 1468 2428 Scaligero
1499 2375 1696 2431 librorum

289 2559 320 2604 1)
353 2560 462 2606 Saepe
486 2561 623 2606 quidem
657 2571 800 2596 numero
822 2561 948 2595 factum
973 2563 1040 2602 est,
1064 2562 1103 2594 ut
1126 2570 1203 2594 cum
1227 2560 1264 2594 in
1287 2559 1354 2595 fine
1378 2570 1536 2595 versuum
1560 2562 1633 2593 tum
1658 2559 1696 2594 in

199 2618 296 2653 exitu
332 2618 572 2653 vocabulorum
608 2619 621 2650 i
654 2620 778 2657 littera,
803 2618 973 2653 decideret
1007 2619 1077 2653 sive
1113 2618 1202 2652 mala
1232 2618 1451 2652 festinatione
1484 2618 1554 2651 sive
1585 2627 1696 2650 errore

75 2701 107 2727 ,.
134 2676 137 2679 ’
198 2673 430 2717 libr-afiorum,
455 2678 495 2709 ut
517 2682 597 2720 pote
622 2676 681 2720 qui
704 2678 843 2720 propter
860 2676 1062 2719 scripturam
1085 2675 1232 2719 exempli
1247 2675 1455 2709 Veronensis
1472 2674 1563 2707 unde
1579 2683 1696 2707 omnes

76 2729 86 2748 ⁴
101 2745 109 2750 ·
127 2751 133 2755 -
158 2743 163 2748 ·
186 2728 280 2767 vlibri
303 2730 488 2767 Catulliani
504 2733 668 2775 originem
685 2732 873 2775 traxerunt,
898 2732 1012 2776 paullo
1029 2731 1253 2767 difficiliorem
1271 2729 1328 2777 (cf.
1347 2731 1516 2772 Schwabe,
1535 2731 1570 2764 in
1588 2730 1695 2774 praef.

111 2837 117 2846 ‹
185 2786 279 2823 edit.
297 2798 329 2834 p.
347 2787 443 2831 XVI)
467 2789 615 2833 plurima
631 2800 731 2833 prave
755 2789 899 2833 legendo
924 2790 1005 2823 vitia
1030 2790 1287 2824 committerent.

1472 2846 1493 2881 2
