1923 3104
228 191 256 235 l.
287 206 321 236 c.
352 206 391 248 p.
423 193 449 233 9
480 204 539 246 sq.
578 215 633 223 —
669 191 793 233 Porro
832 191 1113 233 accusativum
1152 191 1400 233 Graecorum
1446 173 1744 245 vocabulo&

227 274 332 337 quae
376 259 573 302 secundae
615 258 878 301 declinationi
919 254 1201 315 applicantur,
1252 263 1396 315 poetae
1436 259 1578 303 Latini
1615 264 1665 302 'v'

234 328 303 370 in·
309 343 382 380 on,
432 328 562 369 rarius
611 327 680 369 in·
691 342 714 370 o
755 328 937 370 mittunt.
1005 328 1096 370 Hoc
1138 333 1314 371 testatur
1355 326 1543 370 Catullus
1571 327 1635 371 dn

232 396 435 454 exemplis
466 396 606 451 qualia
634 402 730 439 sunt
758 396 897 439 Athon
927 395 1075 448 LXVI,
1099 397 1156 441 46
1186 396 1236 441 cf.
1267 395 1384 440 Ovid.
1413 395 1508 438 Met.
1537 395 1613 449 XI,
1629 388 1755 450 554,

233 466 373 521 Pomp.
411 465 521 507 Mela
551 465 606 516 II,
638 466 685 517 2,
716 464 753 509 9.
786 474 827 507 et
855 465 1152 521 palimpseston
1182 465 1315 517 XXII,
1348 465 1393 508 5:
1436 464 1585 507 etenim
1614 463 1742 508 Laeli·¹

236 547 412 577 mannus
455 539 561 577 recte
599 534 783 611 percepit
826 548 873 577 ex
919 549 999 577 usu
1034 534 1234 577 sermonis
1271 534 1404 578 Latini
1445 548 1526 577 non
1564 538 1650 576 tam
1685 533 1747 587 ,iu

233 603 515 659 palimpsesto‘
548 616 670 657 quam
704 603 759 654 ,in
787 603 1079 659 palimpseston
1100 603 1239 645 relata‘
1271 603 1352 645 dici
1372 607 1570 660 oportere,
1599 598 1757 658 postea

230 686 352 728 quam
383 671 466 714 iam
496 677 590 714 ante
619 686 712 714 eum
740 671 831 714 Nic.
852 671 1078 715 Heinsius
1066 686 1109 714 m
1129 671 1299 714 eandem
1320 672 1563 715 sententiam
1583 669 1750 723 incidit,

228 741 380 796 quippe
411 741 483 795 qui
512 741 557 781 in
577 741 732 782 advers,
758 756 796 797 p.
817 742 900 784 638
922 741 1233 796 palimpsestum
1255 738 1521 783 coniectasset
1539 740 1588 782 cf.
1610 739 1738 783 etiam

230 809 314 852 Cic.
346 809 398 851 ad
428 810 521 853 fam.
543 810 634 862 VII,
671 811 734 861 18,
765 812 806 854 2.
857 809 1058 852 Similiter
1079 809 1188 852 hunc
1208 822 1348 852 casum
1367 808 1430 851 111
1456 808 1745 863 declinationis

231 878 472 920 Graecorum
488 892 602 920 more
613 892 686 934 per
707 892 731 919 a
752 878 948 934 scriptum
968 878 1232 935 praecedente
1252 891 1372 920 conso
1387 891 1442 919 na
1456 891 1548 920 cum
1563 878 1607 920 in
1621 889 1742 934 prosa
1765 882 1767 884 ’

230 961 390 1003 perraro
410 947 658 999 inveniatur,
681 947 801 1002 longe
817 948 980 1004 saepius
995 947 1272 990 adhibuerunt
1288 951 1431 1002 poetae
1443 951 1491 989 ut
1502 951 1596 1002 pote
1611 940 1740 990 metro
1845 964 1848 974 ’-

227 1016 357 1070 magis
377 1016 698 1058 convenientem.
730 1016 818 1065 Quo
834 1016 1041 1071 pertinent
1054 1015 1152 1067 1111,
1170 1017 1196 1058 9
1215 1014 1469 1071 Propontida
1479 1014 1668 1067 XXXVI,
1687 1013 1740 1056 13
1823 1004 1923 1061 23⁵⁴?

229 1085 401 1126 Ancona
419 1099 444 1126 a
463 1084 716 1127 nominativo
737 1084 879 1127 Ancon
895 1084 1030 1139 qualis
1051 1089 1115 1126 est
1141 1084 1282 1135 Iuven,
1303 1083 1405 1137 IIII,
1433 1085 1503 1128 40.
1525 1082 1600 1125 Sil.
1623 1081 1740 1134 VIII,
1846 1086 1847 1089 ’

230 1155 328 1196 436.
359 1153 613 1195 Amathunta
633 1152 821 1204 XXXVI,
857 1154 909 1196 14
930 1153 980 1196 cf.
1002 1152 1118 1195 Ovid.
1138 1152 1234 1196 Met.
1266 1152 1316 1203 X,
1347 1153 1446 1196 220.
1476 1152 1573 1195 531.
1594 1149 1741 1199 deinde

230 1222 325 1264 trita
346 1227 518 1277 utroque
539 1222 700 1263 dicendi
720 1236 863 1276 genere
883 1224 975 1263 aera
995 1221 1141 1274 LXVI,
1171 1223 1227 1264 53
1248 1226 1290 1263 et
1309 1220 1475 1263 aethera
1492 1219 1645 1273 LXIII,
1671 1221 1739 1262 40.
1867 1272 1869 1275 ι
1909 1264 1923 1281 .;-

232 1290 476 1346 Praegressa
526 1290 655 1333 vocali
703 1304 784 1332 non
829 1290 969 1333 inveni
1011 1290 1090 1332 nisi
1131 1304 1256 1332 unum
1303 1289 1535 1346 exemplum
1585 1288 1740 1332 Catulli
1839 1280 1923 1347 *fig-{⁴}

229 1359 369 1401 Minoa
407 1358 592 1412 LXIIII,
624 1361 689 1402 85.
741 1365 888 1401 Contra
926 1359 1203 1400 accusativum
1241 1360 1452 1401 nominum
1487 1359 1642 1400 in-eus
1672 1357 1740 1400 de-

231 1428 458 1470 sinentium
491 1443 632 1471 omnes
663 1442 790 1484 prope
821 1431 962 1484 poetae
993 1442 1067 1470 nec
1096 1441 1176 1470 non
1207 1427 1425 1483 aliquando
1456 1428 1580 1470 etiam
1598 1440 1741 1483 prosae

231 1502 417 1540 auctores
438 1497 480 1539 in
498 1522 513 1528 —
525 1511 573 1538 ea
593 1497 864 1539 terminarunt
884 1496 1052 1539 docente
1066 1496 1311 1539 Schneidero
1333 1497 1398 1538 Gr.
1415 1496 1505 1539 Lat.
1519 1495 1562 1537 II
1581 1509 1620 1550 p.
1644 1491 1739 1540 295.

232 1566 321 1616 Qua
351 1566 401 1607 de
422 1580 464 1607 re
486 1566 713 1622 comparari
735 1570 908 1621 possunt
926 1565 1078 1606 formae
1097 1564 1221 1605 Pelea
1239 1565 1416 1617 LXIIII,
1446 1567 1499 1608 21
1523 1569 1565 1606 et
1583 1564 1743 1606 Thesea
1784 1586 1787 1587 ν
1840 1553 1923 1607 ᾤ’

234 1634 391 1677 ibidem
419 1635 489 1686 53,
521 1636 618 1678 239.
640 1636 735 1678 245.
786 1633 928 1689 Neque
958 1633 1107 1675 mirum
1139 1638 1201 1675 est
1229 1633 1338 1688 quod
1359 1633 1504 1676 talium
1523 1633 1742 1677 verborum
1784 1657 1787 1661 ν
1844 1620 1908 1687 ‘2⁵

231 1703 464 1745 vocativum
503 1713 646 1759 poetae
677 1707 906 1744 constanter
935 1716 1007 1757 per
1036 1716 1090 1744 eu
1117 1702 1358 1753 extulerunt,
1402 1715 1492 1744 cum
1522 1702 1742 1758 scriptores
1812 1728 1817 1731 κ
1848 1691 1903 1733 “²3³

232 1771 431 1814 orationis
473 1771 676 1827 pedestris
717 1776 915 1826 quantum
957 1771 1046 1812 fieri
1085 1771 1220 1826 potuit
1256 1785 1349 1812 eum
1378 1770 1616 1815 devitarent.
1677 1770 1743 1813 Ita
1805 1771 1816 1785 ‘²
1850 1790 1923 1803 η

229 1840 332 1894 legis
362 1839 490 1881 Peleu
519 1839 693 1891 LXIIII,
725 1841 780 1883 26
817 1840 907 1895 (sed
947 1840 1067 1882 Peleo
1099 1839 1179 1882 Cic.
1211 1839 1260 1880 de
1289 1853 1344 1881 or.
1376 1839 1456 1891 III,
1489 1839 1555 1890 15,
1587 1840 1662 1895 57)
1697 1851 1744 1881 ac
1808 1840 1812 1842 ’
1843 1837 1885 1891 ¹³3.

232 1908 396 1950 Theseu
439 1907 538 1951 ibid.
571 1908 640 1951 69.
675 1908 768 1949 133.
808 1916 1016 1963 praeterea
1050 1908 1130 1950 huc
1167 1907 1404 1949 referendus
1441 1911 1504 1949 est
1534 1907 1744 1950 vocativus
1806 1899 1826 1925 ’·
1845 1901 1912 1954 “³³3⁵

230 1976 413 2019 Amastri
440 1975 541 2028 IIII,
577 1976 641 2019 13.
1830 1972 1849 2035 f

344 2047 386 2090 5.
428 2045 478 2087 In
498 2045 755 2088 nominativo
776 2045 892 2101 plur.,
924 2045 974 2087 de
996 2059 1075 2100 quo
1096 2059 1204 2087 nunc
1224 2045 1427 2100 agendum
1448 2051 1523 2096 est,
1553 2044 1742 2088 Catullus
1860 2054 1884 2071 ³

235 2114 380 2156 itidem
399 2107 595 2156 Graecam
622 2113 809 2156 flectendi
832 2114 1028 2155 rationem
1050 2114 1211 2155 videtur
1232 2119 1395 2155 secutus
1415 2126 1518 2165 esse,
1554 2113 1742 2169 quamvis
1859 2114 1889 2161 f
1904 2099 1916 2109 ”

233 2182 472 2239 exemplum
503 2182 628 2225 huius
659 2183 718 2224 rei
749 2181 939 2225 omnibus
959 2182 1196 2226 nominibus
1217 2185 1372 2224 certum
1393 2195 1476 2224 non
1495 2181 1620 2234 adsit3
1647 2195 1743 2225 nam

230 2252 273 2292 in
317 2251 506 2292 carminis
537 2249 694 2299 LXIII,
740 2251 791 2292 16
830 2250 924 2291 libri
953 2254 1153 2305 quotquot
1181 2250 1380 2293 habemus
1409 2263 1507 2293 mss.
1540 2250 1627 2291 sine
1655 2249 1743 2292 ullo
1813 2251 1913 2301 ’ρξ“

237 2319 428 2361 dissensu
470 2319 790 2372 ’truculentaque
832 2318 978 2374 pelagi‘
1023 2318 1296 2375 suppeditant.
1353 2318 1506 2360 Verum
1541 2322 1678 2360 tamen
1707 2318 1743 2361 si
1779 2338 1791 2368 .‘
1824 2345 1921 2382 ,ξ

235 2387 527 2444 perpendimus
557 2387 721 2429 nullum
753 2386 918 2428 omnino
948 2386 1083 2428 locum
1104 2391 1244 2429 extare
1274 2399 1352 2442 quo
1374 2385 1565 2428 similiter
1580 2390 1743 2443 poetam
1877 2375 1880 2382 ι

232 2456 434 2498 adiectiva
475 2456 653 2512 pluralis
694 2461 839 2498 neutro
881 2467 1030 2509 genere
1059 2471 1153 2499 cum
1179 2455 1365 2511 genetivo
1394 2455 1744 2498 substantivorum
1839 2489 1861 2512 .;

233 2525 449 2582 copulasse
479 2525 782 2567 demonstretur
801 2549 856 2556 —
878 2525 1027 2567 etenim
1057 2525 1167 2580 quod
1186 2524 1334 2577 LXVI,
1364 2524 1419 2565 74
1440 2523 1544 2566 dixit
1568 2523 1746 2567 'condita
1790 2525 1796 2529 ’
1836 2534 1921 2585 fis)

232 2594 344 2637 verei
374 2594 563 2650 pectoris‘
593 2594 731 2650 paullo
760 2594 881 2636 aliter
911 2608 954 2635 se
984 2594 1108 2637 habet
1135 2619 1192 2625 —
1222 2607 1343 2650 porro
1373 2606 1466 2635 cum
1495 2606 1545 2634 ex
1564 2592 1618 2634 iis
1638 2597 1744 2647 quae

232 2664 315 2704 iam
358 2676 483 2718 supra
524 2662 755 2713 attulimus,
805 2662 905 2703 satis
943 2667 1140 2717 appareat
1170 2660 1334 2704 Catullo
1365 2660 1516 2703 Graeca
1544 2660 1745 2706 vocabula

232 2733 315 2773 fere
343 2745 506 2787 semper
534 2730 584 2773 ad
609 2730 784 2772 Graecas
807 2730 1034 2773 declinandi
1054 2730 1164 2786 leges
1186 2730 1360 2773 formare
1380 2729 1597 2786 placuisse,
1626 2729 1744 2773 facile

235 2799 419 2857 equidem
470 2798 649 2842 adducor
689 2804 735 2840 ut
780 2814 872 2841 cum
914 2799 1015 2841 viris
1060 2813 1141 2842 non
1180 2798 1309 2841 nullis
1351 2798 1502 2841 criticis
1533 2797 1764 2858 ‚prioribus-
