1923 3104
899 78 955 122 69

183 218 289 261 quae
333 205 468 247 omnia
511 206 553 247 in
594 205 729 248 media
763 204 917 258 dactyli
953 204 1111 260 syllaba
1144 204 1217 246 ubi
1245 205 1381 246 minus
1412 205 1595 248 insuavis
1624 212 1685 248 est

88 262 115 292 ¹⁴
182 273 500 317 concurrentium
530 274 776 329 syllabarum
806 284 943 324 sonus,
974 273 1133 316 vocales
1163 272 1304 327 longas
1335 279 1376 316 et
1403 274 1546 316 breves
1568 272 1682 317 colli-

105 379 110 382 .
140 374 145 390 -,
181 342 296 386 dunt.
355 343 552 399 Exempla
581 357 674 384 vero
712 342 811 383 haec
841 348 954 383 sunt:
986 346 1072 383 octo
1103 342 1287 383 homines
1317 342 1369 393 X,
1398 343 1468 385 20.
1499 342 1580 385 feci
1610 357 1683 397 ego

125 438 127 440 .
181 411 317 465 Xan,
347 413 388 454 4.
420 411 636 468 paedicabo
666 425 738 466 ego
768 410 883 462 xw,
919 416 954 453 1.
988 412 1052 455 14.
1083 410 1244 453 ebriosa
1271 411 1388 453 acina
1416 410 1601 464 xxvn,
1630 413 1683 462 4.‚

94 490 97 492 ·
164 481 351 523 sortasse
391 480 511 523 etiam
558 480 637 522 huc
681 484 858 535 spectat:
904 479 974 521 illa
1003 480 1039 522 si
1069 493 1148 535 qua
1177 479 1260 521 alia
1288 480 1459 532 LXIlII,
1495 482 1546 525 16
1577 481 1684 537 quod

181 547 460 592 Lachmannus
490 549 719 605 suspicatus
750 552 811 590 est
838 548 937 590 satis
966 547 1235 604 probabiliter.
1287 548 1408 591 Porro
1430 548 1601 602 LXIIII,
1632 551 1686 593 70

13 606 51 677 'g
90 608 97 667 Q
181 622 262 660 toto
299 619 446 659 animo.
478 617 571 658 ibid.
610 617 689 659 149
719 621 827 658 certe
855 629 938 670 ego.
971 616 1055 660 372
1084 630 1209 671 quare
1239 616 1357 670 agite.
1387 616 1599 666 vanr,
1630 616 1686 657 40

38 679 58 691 “
181 687 287 729 ultro
317 700 400 741 ego,
432 685 610 727 LXXIII
640 687 668 727 4
696 685 821 727 immo
842 685 975 727 etiam.
994 684 1196 737 LXXXV,
1231 689 1249 728 1
1276 685 1343 727 odi
1365 690 1406 728 et
1425 698 1529 727 amo.
1553 683 1638 736 CII,
1663 686 1681 726 1

181 754 258 797 fido
295 756 347 797 ab
383 753 524 797 amico.
556 753 706 804 CXVI,
754 754 775 795 1
818 753 998 795 studioso
1028 754 1221 810 anim01).
1273 753 1356 795 Nec
1384 767 1466 796 non
1495 753 1538 794 in
1568 751 1687 794 tertia

182 823 331 878 dactyli
362 822 539 878 syllaba,
570 821 644 865 ubi
672 822 866 864 maiorem
895 822 974 864 ista
1003 822 1116 865 elisio
1147 822 1521 865 incommoditatem
1550 820 1684 871 habet,

181 891 339 933 vocales
370 891 577 945 contiguas
608 903 728 946 saepe
758 890 817 931 ita
846 891 1071 933 coniunxit:
1102 891 1301 946 argutatio
1330 890 1679 943 inambulatioque

180 960 256 1013 VI,
300 962 363 1004 11.
404 958 560 1016 perdite
587 973 678 1001 amo
710 958 919 1011 XXXXV,
949 962 988 1004 3.
1020 960 1137 1002 ardui
1167 960 1227 1002 ibi
1257 959 1406 1011 LXVI,
1437 960 1493 1004 59
1522 949 1686 1013 ex'opi-

182 1028 303 1081 nione
329 1028 526 1083 Hauptii.
577 1028 707 1069 sentio
738 1032 779 1068 et
815 1029 1020 1070 excrucior
1057 1029 1256 1080 LXXXV,
1287 1031 1325 1071 2.
1357 1028 1515 1083 perdito
1546 1039 1682 1068 amore

181 1095 417 1147 LXXXIII,
467 1096 501 1138 2.
543 1095 721 1151 ploxemi
751 1095 875 1138 habet
903 1096 1197 1148 LXXXXVII,
1235 1099 1273 1140 6.
1324 1095 1477 1152 perdite
1507 1107 1687 1137 amarem

181 1164 311 1217 CIIII,
341 1165 380 1208 3.
440 1163 624 1218 Denique
666 1163 790 1205 semel
821 1163 897 1206 hoc
926 1164 1045 1207 modo
1076 1164 1182 1206 elisit
1210 1164 1508 1220 diphthongum
1536 1162 1630 1213 VII,
1660 1162 1686 1204 3

180 1233 373 1287 Libyssae
421 1247 575 1276 arenae.
636 1232 738 1274 Nam
788 1233 896 1287 quod
945 1234 988 1275 in
1026 1234 1205 1288 vulgatis
1254 1233 1503 1276 editionibus
1554 1230 1688 1273 simile

179 1304 305 1344 fertur
334 1300 567 1357 exemplum
596 1299 780 1357 Europae
801 1300 1007 1356 Asiaeque
1036 1301 1247 1354 LXvHIb,
1279 1302 1333 1345 89
1363 1314 1436 1343 nec
1464 1298 1687 1355 elegantius

182 1376 246 1411 est
287 1383 407 1423 quam
457 1370 595 1420 ,Asiae
630 1369 908 1424 Europaeque‘
957 1376 998 1412 et
1032 1371 1108 1412 arti
1148 1375 1292 1427 poetae
1331 1370 1571 1411 adversatur
1617 1368 1686 1422 (cf.

183 1438 405 1481 Schneider
453 1450 509 1491 gr.
553 1437 635 1481 Lat.
675 1437 693 1478 I
726 1452 764 1493 p.
798 1438 911 1495 135).
974 1441 1161 1481 Ueterum
1190 1438 1491 1494 diligentissimi
1521 1435 1687 1492 dactyli—

181 1520 318 1550 corum
353 1507 395 1548 in
433 1506 509 1548 hoc
550 1520 695 1561 genere
741 1507 1009 1563 synaloephes
1052 1507 1215 1550 fuerunt
1250 1507 1461 1549 Lucretius
1497 1505 1687 1548 Horatius

182 1575 370 1619 Tibullus
407 1575 640 1631 Propertius
678 1570 870 1627 Ovidius,
919 1576 1055 1618 minus
1093 1576 1242 1618 curiosi
1285 1581 1443 1632 praeter
1479 1574 1686 1617 Catullum

181 1643 361 1686 Lucilius
392 1644 596 1699 Vergilius
627 1643 795 1687 Statius.
832 1667 884 1674 -—
914 1644 1120 1687 Postremo
1151 1657 1298 1699 magna
1326 1645 1426 1687 satis
1458 1643 1686 1698 frequentia

180 1727 279 1755 usus
326 1712 562 1769 productam
604 1713 879 1769 monosyllabi
920 1713 1101 1756 vocalem
1138 1728 1230 1756 cum
1266 1713 1461 1770 producta
1490 1711 1683 1768 ‚eiusdem

181 1781 347 1824 voculae
387 1782 583 1824 coartavit
611 1782 719 1837 quod
750 1782 921 1836 singulis
950 1782 1049 1825 locis
1078 1784 1246 1839 probare
1275 1782 1381 1825 nihil
1411 1794 1514 1838 opus
1544 1785 1618 1831 est,
1649 1780 1682 1822 si

182 1850 348 1905 quidem
377 1850 465 1891 eius
494 1850 604 1891 modi
633 1851 880 1906 synaloephe
909 1851 1066 1893 nullam
1095 1865 1261 1907 prorsus
1290 1852 1411 1893 habet
1441 1849 1682 1892 molestiam.

295 1934 324 1962 c.
371 1918 565 1960 Venimus
606 1932 715 1961 nunc
758 1918 808 1960 ad
846 1919 1057 1962 elisionem
1087 1919 1377 1962 vocabulorum
1416 1918 1684 1961 iambicorum

181 2001 284 2043 quae
333 1987 376 2028 in
419 1986 600 2028 vocalem
624 1975 630 1980 ’
650 1993 808 2029 exeunt.
868 1987 1008 2042 Neque
1052 2002 1146 2030 vero
1189 1989 1232 2029 in
1277 2002 1323 2030 eo
1367 2001 1509 2043 genere
1540 1991 1683 2042 poetae

181 2056 317 2099 Latini
354 2070 476 2097 unam
519 2055 769 2111 eandemque
805 2071 944 2100 omnes
974 2057 1174 2100 rationem
1205 2061 1244 2099 et
1273 2062 1467 2112 tanquam
1498 2054 1685 2110 regulam

180 2129 306 2168 secuti
338 2130 447 2176 sunt,
479 2124 550 2166 sed
580 2139 654 2181 pro
685 2125 847 2180 ingenio
877 2129 924 2168 ac
953 2125 1102 2168 studiis
1132 2126 1237 2168 alius
1266 2126 1348 2167 alia
1377 2125 1464 2180 lege
1494 2138 1583 2167 sese
1613 2123 1682 2165 ad-

180 2194 354 2236 strinxit.
413 2193 535 2234 Multi
568 2193 733 2247 quidem
763 2200 859 2237 sunt
887 2195 958 2250 qui
988 2195 1190 2236 elidendis
1221 2194 1344 2236 huius
1376 2193 1487 2239 modi
1516 2193 1686 2236 vocibus

181 2262 345 2305 nullum
395 2261 556 2303 omnino
606 2262 742 2305 locum
791 2268 1073 2306 concesserunt
1120 2262 1189 2318 (cf.
1240 2263 1404 2306 Lachm.
1456 2261 1520 2306 ad.
1571 2262 1683 2304 Lucr.

182 2346 222 2387 p.
258 2331 379 2384 199),
430 2329 616 2385 plerique
647 2336 784 2373 autem
815 2332 977 2374 easdem
1007 2331 1073 2374 vel
1100 2332 1146 2374 in
1174 2331 1458 2387 monosyllaba
1488 2344 1591 2386 quae
1623 2343 1686 2371 ac-

181 2403 343 2441 centum
392 2411 473 2440 non
524 2397 676 2441 habent
717 2399 782 2442 vel
823 2400 866 2442 in
895 2400 1231 2456 hyperdisyllaba
1259 2400 1441 2451 elidunt,
1492 2398 1613 2455 pauci
1643 2398 1686 2439 in

182 2467 389 2522 disyllaba
427 2466 515 2508 sive
554 2468 873 2523 praepositiones
912 2474 1009 2511 sunt
1044 2469 1132 2511 sive
1161 2468 1386 2525 particulae
1416 2467 1684 2523 copulativae.

183 2536 250 2581 Sic
300 2536 342 2578 in
388 2540 512 2591 atque
557 2535 750 2579 Catullus
794 2537 923 2581 tribus
965 2537 1165 2594 exemplis
1206 2543 1312 2580 certo
1352 2536 1462 2580 elisit
1506 2534 1685 2579 scribens

0 1125 26 1138 ,μ

0 1224 10 1237 ,,

0 1349 22 1372 2⁴.

0 1373 28 1403 kf:

0 1400 39 1431 3³⁸,

0 1438 24 1486 ζ.)

0 1492 20 1525 ᾗ,

0 1528 19 1558 Γ,

14 1487 23 1496 ι

0 1654 35 1678 5⁴⁴

10 1682 25 1701 ·.’

0 1814 32 1880 ᾗ,

0 1879 57 1901 333.

5 1900 24 1927 “a
53 1909 57 1914 .

0 1899 35 1977 t
54 1953 56 1955 ,

0 2028 52 2095 ξιξ.

0 2219 37 2301 ἓν.

59 2519 62 2522 «

0 2548 27 2719 ἐξ

0 2717 74 2787 {2¹

0 2784 44 2851 εξ

25 2938 59 2973 3‘
73 2969 85 2976 ,

49 3000 58 3014 ἢ

39 3020 49 3038 )

276 2698 311 2742 1)
340 2698 429 2734 Num
458 2698 575 2733 eodem
607 2699 708 2734 etiam
740 2701 913 2743 pertineat
944 2700 1035 2745 quod
1059 2699 1232 2745 Hauptius
1263 2701 1337 2735 obs.
1362 2701 1436 2736 crit.
1461 2710 1493 2743 p.
1519 2698 1562 2735 12
1587 2708 1684 2732 exco-

183 2757 304 2801 gitavit
340 2764 441 2799 quare
471 2755 566 2787 etiam
596 2754 769 2798 LXVIIIb,
801 2756 843 2790 91
875 2757 1017 2791 dubium
1041 2756 1147 2790 videri
1170 2757 1297 2799 possit,
1328 2759 1417 2790 certe
1441 2755 1549 2798 magis
1574 2754 1687 2797 placet

61 2809 74 2813 ⁵
102 2836 105 2839 «
181 2813 254 2850 Nic.
279 2812 413 2849 Heinsii
435 2812 612 2848 inventum
637 2822 761 2856 quaene
785 2813 889 2847 etiam.
