1923 3104
969 65 1024 110 68

235 189 400 242 LXIIII,
436 193 532 235 216.
560 192 648 235 305
678 192 832 246 quibus
859 191 983 234 adiici
1012 196 1146 247 potest
1171 190 1341 242 LVIIlI,
1371 192 1409 234 2.
1424 192 1459 247 ¹)
1489 216 1544 223 -—-
1571 192 1665 234 Jam
1693 154 1861 247 de

234 259 377 314 longae
423 259 798 316 monosyllaborum
842 259 994 302 vocalis
1040 259 1081 301 in
1125 261 1289 303 brevem
1334 259 1538 314 syllabam
1576 261 1742 304 elisione
1854 262 1874 308 :⁵2¹

236 329 443 384 praeclare
481 328 710 384 disputavit
747 329 800 371 M.
833 329 1037 385 Hauptius
1067 331 1225 371 observ.
1257 328 1343 370 crit.
1375 343 1415 384 p.
1451 329 1501 370 16
1532 343 1619 384 sqq.
1650 343 1742 372 cum

235 396 409 441 aliorum
438 402 652 454 poetarum
683 403 769 441 tum
799 397 949 440 Catulli
979 397 1268 440 consuetudine
1299 397 1551 441 adumbrata.
1604 397 1743 447 Nihilo
1798 413 1807 442 3

236 470 374 508 tamen
404 465 537 508 secius
567 466 758 521 quoniam
785 480 865 509 non
886 466 942 508 ita
961 466 1066 507 hanc
1085 465 1363 520 quaestionem
1385 465 1520 521 quoad
1536 465 1755 525 Catullum¹

236 534 381 577 attinet
417 535 628 588 tractavit,
669 541 715 577 ut
751 535 943 577 omnibus
974 548 1062 576 eam
1094 534 1276 576 numeris
1306 534 1553 585 absolveret,
1595 533 1744 578 deinde

237 617 331 645 cum
385 617 537 646 errores
588 603 744 658 aliquot
792 608 833 645 et
881 602 1064 645 codicum
1101 608 1141 644 et
1179 602 1380 645 editorum
1412 601 1617 645 refutandi
1647 603 1741 655 sint,

236 672 368 715 denuo
418 671 534 714 illam
571 686 658 714 rem
701 672 977 727 attingendam
1024 671 1164 726 putavi
1203 671 1253 713 de
1290 686 1370 725 qua
1410 672 1613 727 copiosius
1643 671 1743 714 mihi

236 740 501 796 expositurus
545 753 635 782 esse
675 740 838 792 videor,
876 754 969 782 cum
999 739 1239 795 praesertim
1271 739 1335 780 vel
1366 739 1470 781 hanc
1497 740 1548 781 ob
1580 753 1741 782 causam

236 813 378 865 poetae
408 809 589 851 carmina
619 809 977 865 pervolutaverim.

349 876 441 918 Jam
479 877 604 931 igitur
644 882 690 918 ut
720 876 769 918 de
789 876 1083 931 monosyllabis
1114 876 1292 931 primum
1324 876 1551 929 ordiamur,
1582 877 1741 920 vocales

235 960 377 989 eorum
407 946 452 988 in
482 946 597 988 exitu
626 946 767 1000 longas
795 960 886 988 eum
919 945 1111 988 brevibus
1141 944 1312 987 elisione
1343 944 1548 1001 copulavit
1577 945 1653 988 sic:
1698 945 1742 987 in

234 1014 383 1057 iambis
413 1014 538 1056 semel
569 1020 677 1056 certo
708 1019 744 1055 te
772 1015 900 1055 adibit
924 1013 1031 1063 VIII,
1059 1015 1128 1064 16;
1159 1013 1334 1054 alterum
1367 1013 1476 1054 enim
1504 1013 1611 1067 quod
1642 1013 1740 1057 ibid.

237 1084 290 1126 15
307 1082 515 1138 Hauptius
545 1082 718 1124 coniecit
748 1088 783 1124 te
813 1083 874 1123 ibi
900 1096 972 1137 pro
998 1081 1200 1124 librorum
1230 1082 1308 1123 tibi
1336 1081 1538 1137 scriptura
1567 1096 1640 1124 nec
1669 1081 1743 1124 hac

234 1150 383 1193 melius
425 1154 487 1193 est
522 1155 561 1193 et
591 1150 680 1207 ipse
710 1150 923 1206 postmodo
954 1149 1106 1191 reiecit.
1156 1150 1202 1191 In
1232 1149 1433 1192 trochaeis
1463 1149 1569 1191 dixit
1596 1149 1654 1201 X,
1697 1151 1742 1192 7:

234 1219 436 1273 quomodo
466 1234 509 1261 se
530 1220 709 1261 haberet.
732 1219 831 1261 ibid.
855 1220 908 1262 28
930 1233 996 1260 me
1016 1219 1175 1261 habere.
1199 1218 1295 1269 XII,
1325 1221 1370 1260 4:
1398 1218 1503 1273 fugit
1523 1223 1576 1268 te,
1606 1219 1743 1274 inepte

234 1291 326 1343 post
360 1286 730 1344 interpunctionem
767 1286 874 1342 quod
910 1286 1043 1329 rarius
1073 1286 1221 1330 evenit.
1283 1285 1467 1329 Tandem
1498 1286 1541 1328 in
1571 1285 1743 1342 dactylis

233 1357 447 1411 aliquanto
487 1357 651 1412 saepius
689 1356 934 1411 synaloephe
971 1356 1202 1397 obscuravit
1232 1356 1330 1397 haec
1359 1355 1662 1410 monosyllaba:
1704 1360 1743 1397 te
1824 1370 1827 1373 ’

233 1425 328 1468 odio
350 1424 490 1477 XIIII,
521 1425 560 1468 3.
592 1428 631 1466 te
662 1438 734 1480 ego
765 1429 871 1467 certe
891 1424 1036 1476 LXVI,
1067 1425 1122 1468 25
1154 1424 1245 1479 (ubi
1275 1423 1381 1465 illud
1412 1429 1448 1466 te
1477 1438 1502 1466 a
1531 1424 1743 1467 codicibus

234 1494 432 1537 omissum
468 1498 575 1536 recte
615 1493 774 1536 addidit
805 1493 1008 1549 Vossius).
1057 1493 1155 1548 quin
1194 1497 1237 1535 tu
1275 1492 1410 1535 animo
1446 1492 1636 1545 LXXVI,
1680 1495 1741 1536 11.
1794 1551 1795 1555 Ἰ
1844 1486 1875 1520 j..

233 1564 275 1606 in
305 1578 348 1606 se
378 1563 503 1605 habet
535 1562 705 1613 CXIIII,
737 1564 777 1606 2.

348 1631 426 1674 His
456 1631 655 1674 accedunt
684 1630 870 1687 plurium
892 1631 1141 1685 syllabarum
1162 1630 1359 1673 vocabula
1378 1630 1455 1672 isto
1477 1629 1596 1672 modo
1619 1630 1743 1672 conli-

234 1701 404 1756 quentia
448 1715 550 1756 quae
596 1705 708 1743 sunt:
760 1701 875 1742 fuisti
923 1701 967 1742 111
1009 1700 1158 1742 ultima
1186 1699 1398 1750 XXVIIII,
1442 1700 1504 1742 12.
1538 1700 1671 1742 unctei
1707 1705 1747 1742 et

232 1769 382 1812 ultima
412 1769 500 1813 ibid
544 1775 582 1813 4.
641 1769 800 1824 Egnati,
831 1783 957 1826 opaca
986 1768 1196 1819 XXXVII,
1233 1771 1280 1812 19
1312 1772 1404 1824 post
1432 1768 1745 1823 interpungendi

235 1839 409 1893 signum.
462 1838 549 1880 risu
597 1838 734 1893 inepto
784 1838 1042 1889 XXXVIIII,
1078 1839 1138 1880 16.
1188 1837 1315 1878 11111110
1355 1836 1448 1879 odio
1488 1836 1641 1887 LXIII,
1679 1838 1743 1879 17.

237 1907 286 1949 111
320 1906 520 1949 trochaeis
551 1906 734 1962 scripsit:
783 1920 908 1961 quare
939 1906 1044 1948 habe
1074 1906 1107 1957 Ι,
1138 1908 1176 1949 8.
1210 1918 1411 1960 peraeque
1440 1909 1482 1946 et
1510 1904 1576 1946 hic
1606 1910 1646 1946 et
1675 1904 1745 1946 ille

236 1976 308 2026 VI,
343 1977 379 2018 9.
430 1977 482 2018 ab
532 1974 601 2016 illo
651 1975 779 2016 amari
830 1974 1003 2025 XXIIII,
1041 1977 1079 2018 6.
1129 1974 1297 2016 voluisti
1339 1987 1474 2015 amare
1504 1973 1673 2024 XXXX,
1705 1975 1743 2016 8.

234 2044 402 2087 sinistra
441 2049 486 2086 ut
514 2048 607 2087 ante
637 2043 845 2096 XXXXV,
877 2043 915 2085 8.
950 2045 1015 2087 17.
1047 2043 1209 2098 gemelli
1240 2043 1397 2098 utrique
1428 2042 1554 2094 LVII,
1585 2044 1623 2086 6.
1685 2042 1745 2085 Ne

238 2114 280 2156 in
338 2113 543 2169 glyconeis
600 2113 766 2168 quidem
825 2118 864 2155 et
913 2112 1161 2155 carminibus
1212 2112 1426 2168 Sapphicis
1475 2116 1593 2168 poeta
1641 2113 1745 2155 hanc

233 2182 454 2224 elisionem
494 2182 695 2224 devitavit
724 2182 947 2238 (Hauptius
978 2182 1087 2224 enim
1119 2182 1147 2223 1.
1179 2196 1211 2222 c.
1243 2195 1279 2237 p.
1315 2180 1365 2223 18
1396 2195 1476 2223 non
1507 2187 1610 2223 recte
1639 2181 1745 2223 iudi-

234 2251 373 2303 cavit),
406 2251 514 2306 quod
547 2251 843 2294 demonstrant:
883 2264 1008 2305 quare
1037 2264 1111 2304 age
1141 2250 1250 2300 LXI,
1281 2251 1350 2293 26.
1382 2250 1493 2304 virgo
1525 2250 1622 2292 ades
1649 2250 1746 2294 ibid.

234 2321 301 2362 77.
360 2318 458 2360 Furi
489 2323 529 2362 et
557 2319 699 2361 Aureli
729 2319 802 2369 XI,
838 2322 857 2363 1
890 2320 934 2361 111
965 2319 1138 2361 carmine
1169 2318 1386 2374 Sapphico.
1445 2318 1579 2372 Longe
1610 2324 1745 2361 autem

236 2387 566 2444 frequentissima
606 2392 670 2431 est
715 2388 756 2430 in
795 2387 967 2443 dactylis
1003 2387 1250 2443 synaloephe
1279 2386 1425 2429 horum
1458 2386 1745 2430 vocabulorum

329 2526 363 2571 1)
387 2527 427 2562 In
452 2528 693 2563 enumerandis
717 2527 963 2573 monosyllabis
987 2528 1040 2562 vel
1065 2528 1166 2572 longa
1189 2527 1296 2562 vocali
1321 2527 1373 2561 vel
1391 2537 1419 2558 m
1436 2526 1535 2562 litera
1553 2500 1744 2563 terminatis

234 2596 321 2629 quae
358 2585 592 2629 synaloephen
615 2585 816 2626 admittunt,
859 2586 895 2619 L.
921 2586 1104 2620 Muellerus
1136 2585 1177 2619 de
1208 2595 1243 2618 re
1268 2587 1366 2620 metr.
1389 2595 1422 2628 p.
1447 2583 1514 2619 283
1538 2584 1624 2620 duas
1647 2587 1687 2619 ut
1709 2585 1746 2621 in

234 2642 372 2678 Catullo
415 2653 468 2677 me
509 2643 702 2677 contineam
740 2643 925 2686 particulas
967 2653 1005 2675 ne
1039 2645 1073 2677 et
1108 2642 1183 2674 dum
1214 2642 1452 2687 praetermisit.
1501 2640 1613 2686 Atque
1642 2642 1745 2677 huius
1821 2670 1824 2673 ,
1858 2627 1917 2676 ἲ..

233 2700 372 2744 quidem
404 2700 509 2734 elisae
540 2700 643 2744 paulo
673 2703 752 2734 ante
784 2701 977 2735 notavimus
1010 2700 1100 2734 haud
1131 2710 1240 2744 pauca
1270 2698 1441 2743 exempla,
1472 2698 1565 2733 illam
1589 2709 1667 2734 vero
1692 2699 1745 2734 bis

234 2756 436 2791 delitescere
474 2755 556 2791 fecit
599 2756 755 2791 Catullus
795 2760 873 2791 ante
912 2756 1062 2791 vocalem
1102 2756 1301 2800 productam
1340 2755 1377 2790 in
1412 2752 1584 2798 vams,
1627 2755 1669 2789 14
1705 2766 1745 2790 ac
1858 2739 1907 2812 ’ἴξ-

233 2813 407 2857 Lxxnn,
432 2815 466 2851 3.
