1923 3104
942 47 1002 93 40
1032 97 1036 101 .

221 187 350 229 eoque
379 177 575 216 intentare
603 149 833 216 derivatum
863 188 972 226 esse,
1002 175 1064 218 ita
1092 175 1219 218 etiam
1247 174 1500 218 intensivum
1530 170 1696 218 mutate
1697 187 1745 218 α
1742 162 1826 225 ἐξ
1813 185 1855 248 4¹1

1705 64 1842 141 ’μέ-ῃ,

1739 138 1782 155 p

221 242 442 299 participio
474 247 610 284 tentam
638 242 756 285 verbi
787 245 942 285 tendere
969 257 1172 286 manasse.
1232 245 1382 286 Veram
1413 256 1503 285 esse
1532 243 1638 286 hanc
1665 257 1757 289 σιν·
1768 274 1771 275 ⁷

219 311 477 367 plicationem
523 325 614 353 cum
651 325 724 367 per
760 327 804 354 se
845 312 1102 367 intellegitur
1141 318 1230 355 tum
1269 312 1424 368 egregie
1474 313 1733 363 confirmatur

219 379 393 421 lectione
424 379 714 422 Germanensis
758 384 800 422 et
828 380 1151 435 Hamburgensis
1187 382 1259 436 qui
1302 381 1344 422 in
1379 379 1452 431 XI,
1495 381 1548 422 14
1583 385 1735 437 tentare
1809 376 1887 432 ³}

1786 420 1834 446 ’κόὶ
1842 422 1892 446 ’,Ἀφ’

218 448 424 504 praebent,
455 461 535 490 non
568 453 758 502 temptare
777 448 941 502 qualem
972 449 1142 491 formam
1172 450 1307 509 vulgo·
1324 450 1620 505 impresserunt
1648 448 1732 491 edi·
1765 454 1775 460 “
1821 452 1849 468 ²
1882 466 1885 476 ¹

217 522 327 559 tores
359 530 629 559 communem·
648 517 852 560 scribendi
882 531 1002 560 usum
1034 524 1263 572 sequentes.

331 587 371 629 5.
412 585 623 628 Postremo
652 586 730 627 huc
760 586 985 628 revocanda
1014 592 1076 629 est
1104 587 1311 629 fluctuatio
1342 586 1620 647 dentalium'd
1638 590 1679 633 et
1698 591 1728 638 t,
1786 567 1886 641 ’ἶῇ

218 668 322 708 quae
353 668 446 695 cum
473 654 516 694 in
541 654 655 696 exitu
686 655 978 696 vocabulorum
1005 665 1085 696 non
1119 655 1319 697 diversam
1351 655 1730 710 pronuntiationem
1795 661 1802 665 ’

220 721 442 763 admittant
485 721 555 776 (cf.
589 721 744 765 Charis,
776 736 813 778 p.
847 724 900 764 87
933 722 999 778 Ρ.)
1038 737 1157 779 saepe
1193 723 1299 764 inter
1342 736 1384 763 se
1430 722 1732 765 confunduntur

217 796 302 831 tam
334 790 378 831 in
409 790 618 833 codicibus
649 804 770 845 quam
801 791 845 831 in
865 791 1199 846 inscriptionibus
1229 792 1276 835 cf.
1301 791 1524 833 Corssenus
1547 791 1565 832 Ι
1585 806 1624 847 p.
1651 790 1731 833 193

217 871 278 913 sq.
338 857 518 900 Maxime
557 862 691 900 autem
730 859 854 901 huius
894 859 1172 902 fluctuationis
1218 859 1330 902 locus
1361 859 1494 901 estin
1524 858 1732 916 praeposi-

218 928 399 970 tionibus
431 933 472 968 et
503 928 858 970 coniunctionibus
889 942 994 983 quae
1026 929 1150 971 libros
1183 929 1393 970 Plautinos
1424 933 1508 969 tam
1539 929 1727 983 frequen-

215 1001 276 1038 ter
306 996 521 1052 occupavit
550 1000 596 1038 ut
614 996 862 1038 Ritschelius
884 997 1006 1041 Proll.
1030 997 1140 1039 Trin.
1164 1012 1201 1054 p.
1224 996 1394 1039 XCVIII
1412 1009 1470 1051 sq.
1493 996 1545 1038 ad
1574 1010 1730 1039 morem
1756 1015 1760 1018 Α
1783 1005 1786 1009 ’
1852 998 1854 1001 ’

216 1066 389 1108 illorum
420 1070 653 1121 temporum
684 1066 869 1120 religiose
901 1066 1143 1108 servandum
1165 1066 1346 1121 singulas
1368 1066 1456 1107 eius
1476 1065 1589 1107 modi
1611 1079 1729 1108 voces

216 1134 370 1189 ubique
402 1140 419 1176 t
446 1134 585 1176 littera
614 1135 862 1176 terminaret.
912 1141 956 1176 ln
987 1135 1311 1177 Catullianorum
1344 1134 1566 1176 carminum
1598 1148 1749 1177 exem·-

215 1202 403 1259 plaribus
453 1216 582 1259 pauca
625 1202 845 1245 admodum
892 1204 1016 1245 huius
1059 1204 1283 1260 scripturae
1327 1203 1515 1259 exempla
1543 1204 1731 1245 feruntur

220 1286 324 1327 quae
356 1272 561 1315 adscribo:
609 1277 709 1327 aput
737 1272 888 1324 LXIII,
910 1272 979 1316 53.
1011 1273 1111 1315 haut
1139 1272 1352 1334 XXVIIII,
1385 1272 1409 1314 8
1441 1276 1482 1314 et
1511 1272 1655 1324 LXVI,
1676 1271 1732 1315 35
1793 1281 1798 1286 '

217 1341 297 1383 nisi
328 1340 437 1396 quod
467 1342 493 1381 Iz
524 1340 725 1382 omissum
755 1346 818 1382 est
847 1346 894 1382 ut
924 1354 1044 1397 saepe
1075 1341 1197 1382 etiam
1220 1341 1263 1381 in
1284 1341 1533 1383 membranis
1557 1340 1731 1395 Vergilii

217 1414 410 1453 monento
439 1410 663 1464 Wagnem,
694 1409 879 1464 Orthogr.
912 1411 1032 1464 Verg.
1069 1424 1108 1465 p.
1129 1409 1226 1451 430.
1273 1409 1419 1451 deinde
1449 1423 1523 1465 pro
1565 1409 1731 1465 vulgata
1800 1423 1807 1429 ”

214 1478 391 1522 lectione
423 1477 495 1520 sed
525 1478 693 1529 LXIIII,
727 1479 781 1521 68
813 1478 1097 1520 Lachmannus
1134 1479 1197 1520 cui
1229 1477 1469 1520 Schwabius
1506 1477 1731 1534 adstipula-

213 1553 278 1590 tus
316 1551 400 1598 est,
440 1546 589 1589 melius
624 1547 707 1588 nisi
747 1546 864 1588 fallor
905 1553 965 1589 set
1001 1547 1167 1603 scripsit
1204 1547 1380 1601 vestigia
1417 1551 1579 1588 secutus
1629 1547 1731 1602 opti-

212 1629 371 1658 morum
402 1615 598 1658 librorum
642 1615 710 1670 qui
752 1629 965 1671 perperam
1003 1620 1044 1656 se·
1070 1615 1248 1658 tradunt.
1311 1615 1458 1658 Contra
1490 1615 1569 1656 soli
1600 1614 1723 1659 libra-

212 1685 369 1727 riorum
396 1684 629 1740 imperitiae
659 1684 975 1727 adiudicandum
1008 1689 1069 1726 est
1098 1686 1173 1726 alit
1202 1699 1272 1740 pro
1304 1686 1390 1725 alid
1417 1684 1632 1734 XXVIIII,
1670 1685 1722 1728 15

212 1768 294 1809 qua
315 1754 359 1795 in
380 1768 422 1795 re
444 1753 544 1795 item
564 1753 626 1795 illi
650 1758 867 1808 peccarunt
886 1754 927 1794 in
949 1753 1139 1795 Lucretio
1161 1754 1209 1794 cf.
1235 1753 1398 1795 Lachm.
1421 1767 1567 1795 comm.
1591 1767 1630 1809 p.
1662 1753 1716 1794 53

215 1825 310 1868 155.
343 1822 439 1865 286.

326 1892 372 1933 In
403 1904 670 1933 consonarum
702 1891 975 1944 geminatione
1006 1903 1128 1944 quam
1149 1894 1304 1932 veteres
1335 1894 1478 1945 poetae
1508 1894 1601 1945 post
1631 1903 1713 1932 eos-

212 1973 292 2014 que
332 1959 515 2001 maxime
552 1958 763 2000 Lucretius
802 1972 921 2014 saepe
960 1963 1091 2000 metro
1131 1948 1437 2008 concesserunt,
1481 1958 1631 2013 quippe
1680 1963 1726 1999 ut

213 2028 416 2085 syllabam
447 2042 520 2083 per
552 2041 594 2069 se
626 2033 849 2083 correptam
884 2027 1169 2083 producerunt,
1201 2026 1425 2068 notandum
1455 2031 1517 2068 est

331 2097 371 2138 6.
414 2096 576 2138 litterae
597 2097 623 2153 ιΖ
653 2096 697 2137 in
727 2096 940 2138 vocabulis
970 2096 1117 2137 suffixo
1148 2097 1208 2136 ela
1239 2095 1302 2136 vel
1333 2097 1410 2136 ella
1440 2090 1639 2150 praeditis
1663 2109 1729 2137 ve-

211 2166 423 2208 hementer
466 2164 660 2207 fluctuare
690 2164 748 2206 .in
793 2165 1008 2207 codicibus
1056 2163 1387 2219 duplicationem.
1446 2164 1584 2218 Atque
1625 2163 1729 2206 hanc

210 2234 453 2275 varietatem
484 2233 708 2288 scripturae
729 2233 781 2274 ad
813 2239 965 2275 certam
988 2246 1172 2274 normam
1194 2232 1399 2285 redegisse
1416 2233 1585 2286 egregiav
1601 2232 1728 2273 Lach-

210 2302 349 2344 manni
383 2301 473 2343 laus
505 2306 568 2344 est
608 2298 678 2356 qui
710 2301 921 2358 explorata
952 2300 1150 2344 librorum
1182 2300 1563 2355 antiquissimorum
1595 2299 1729 2342 ortho-

211 2370 383 2426 graphia
425 2370 468 2410 in
499 2383 641 2413 comm.
676 2370 790 2412 Lucr.
824 2384 862 2425 p.
887 2371 969 2412 204
1000 2375 1139 2411 notam
1176 2370 1369 2411 omnibus
1405 2369 1586 2423 regulam
1623 2368 1728 2410 hanc
1781 2394 1797 2422 3

212 2439 379 2494 quidem
411 2439 636 2495 proposuit,
670 2443 716 2481 ut
748 2438 930 2494 simplici
959 2440 976 2479 l
1003 2438 1126 2480 verba
1158 2438 1371 2481 scribenda
1401 2442 1537 2480 essent
1565 2437 1611 2479 in
1637 2436 1728 2492 qui·

211 2511 289 2551 bus
319 2523 339 2549 e
375 2507 554 2549 litteram
592 2507 752 2563 syllaba
791 2508 913 2561 longa
959 2507 1236 2563 praecederet,
1281 2506 1439 2563 duplici
1482 2506 1555 2548 ubi
1596 2506 1728 2562 prima

218 2576 352 2620 brevis
382 2580 502 2618 esset.
543 2575 686 2631 Neque
715 2576 817 2618 falso
850 2590 943 2618 eum
974 2576 1228 2632 praecepisse
1259 2580 1368 2618 recte
1398 2575 1608 2617 intellexit
1629 2575 1725 2617 Cor-

213 2660 335 2688 senus
365 2645 383 2687 I
413 2660 453 2702 p.
476 2645 558 2688 226
582 2658 643 2700 sq.
705 2645 968 2687 Membranae
1000 2658 1094 2687 vero
1128 2644 1281 2687 Catulli
1327 2658 1406 2687 non
1442 2643 1597 2698 ubique
1633 2656 1723 2685 cum

214 2715 284 2757 illa
312 2715 401 2769 lege
433 2715 705 2765 consentiunt,
738 2717 840 2758 bene
866 2715 1024 2756 scilicet
1044 2714 1196 2762 habent
1215 2714 1396 2769 loquella
1417 2713 1500 2766 LV,
1522 2715 1578 2756 20
1599 2712 1724 2755 semel

211 2785 287 2828 hoc
318 2784 405 2827 loco
437 2783 617 2836 obvium,
651 2783 723 2826 sed
752 2784 859 2842 male
890 2783 998 2839 quod
1029 2797 1149 2841 saepe
1178 2782 1351 2826 occurrit
1371 2782 1537 2838 querela
1557 2774 1728 2835 LXIIII,
