1923 3104
890 97 914 140 7

148 238 277 280 paene
306 223 476 266 totidem
513 223 651 267 verbis
688 237 714 265 a
744 223 902 266 Catullo
933 224 1178 266 translatum
1208 238 1298 267 esse
1329 238 1452 279 quam
1481 225 1657 267 maxime

150 297 213 336 est
241 293 464 349 probabile.

265 363 453 404 Ceterum
498 362 540 402 in
582 360 827 402 carmimbus
864 361 928 402 his
964 367 1005 403 et
1043 361 1249 404 similibus
1287 362 1366 402 etsi
1402 363 1539 416 negari
1576 376 1657 404 non

150 435 286 488 potest
314 430 446 474 multa
474 428 651 471 inveniri
680 442 782 483 quae
811 428 947 471 minus
976 434 1088 484 grata
1135 429 1219 471 sint
1256 434 1379 484 atque
1419 429 1656 482 laudabilia,

150 504 289 542 tamen
330 514 382 541 ne
415 498 563 540 desunt
598 497 764 551 quidem
800 511 897 539 vere
926 498 1186 539 admirabilia
1215 503 1254 540 et
1283 503 1403 554 poeta
1432 499 1657 540 Veronensi

151 569 404 625 dignissima.
430 567 574 609 Moneo
582 571 742 608 tantum
765 566 953 608 carminis
967 566 1119 608 LXIIII
1134 581 1276 609 versus
1295 566 1389 608 illos
1415 566 1654 620 132-2o2‚
1723 592 1727 595 -

152 637 302 692 quibus
333 634 519 678 Catullus
559 635 778 689 imaginem
820 634 1025 688 quandam
1055 635 1258 676 Ariadnae
1298 635 1342 675 in
1371 635 1486 677 Naxo
1525 636 1659 676 insula

151 705 302 762 perfide
332 718 357 745 a
387 704 543 745 Theseo
584 703 765 745 desertae
795 707 836 744 et
876 716 1019 757 graves
1058 703 1260 758 querellas
1292 703 1537 746 effundentis
1567 704 1658 760 pul-

151 773 347 816 cherrime
389 771 619 827 descripsit.
683 771 733 812 Et
768 770 971 825 insignem
1015 772 1138 813 huius
1181 772 1262 814 loci
1303 776 1559 814 venustatem
1606 787 1656 814 ne

151 841 396 899 posteriores
428 840 595 895 quidem
624 844 765 896 poetae
795 853 877 881 non
906 846 1217 896 perspexerunt,
1250 840 1292 883 in
1323 840 1468 896 primis
1498 841 1655 897 Lygda-

151 924 244 952 mus
275 910 385 966 apud
416 909 626 951 Tibullum
663 913 704 949 et
730 907 856 950 multo
885 909 1016 963 magis
1048 909 1273 966 Ovidius.¹)
1332 910 1486 951 Verum
1522 914 1657 951 tamen

151 983 198 1021 ut
228 992 309 1021 non
338 977 458 1020 modo
489 977 539 1019 ab
571 976 812 1030 aequalibus
843 976 915 1019 sed
936 977 1059 1019 etiam
1080 979 1130 1020 ab
1149 978 1383 1021 hominibus
1406 968 1658 1032 elegantibus

151 1047 303 1089 saeculi
337 1046 512 1101 Augusti
553 1045 735 1087 carmina
766 1045 1012 1087 Veronensis
1051 1051 1193 1101 poetae
1229 1060 1375 1100 magno
1413 1047 1551 1088 favore
1594 1061 1658 1088 ex-

152 1119 269 1170 cepta
304 1114 564 1167 studioseque
605 1113 784 1154 lectitata
821 1118 937 1164 sunt,
981 1113 1041 1154 ita
1078 1128 1128 1154 ne
1167 1114 1243 1155 hoc
1273 1114 1437 1167 quidem
1475 1119 1658 1169 tempore

152 1182 367 1225 defuerunt
406 1182 475 1237 qui
516 1181 684 1223 nimiam
722 1180 774 1222 iis
819 1180 984 1222 laudem
1021 1181 1267 1236 tribuerent,
1316 1182 1423 1224 unde
1463 1182 1658 1224 Horatius

152 1251 233 1294 Sat.
257 1251 304 1301 I.,
340 1254 405 1302 10,
440 1251 491 1293 19
521 1250 817 1303 Hermogenem
852 1249 1020 1303 eiusque
1058 1251 1223 1292 simium
1261 1252 1348 1303 „nil
1377 1256 1538 1306 praeter
1569 1251 1658 1292 Cal-

151 1334 249 1362 vum
280 1324 321 1362 et
352 1319 512 1362 doctum
534 1323 694 1361 cantare
715 1317 949 1360 Catullum“
979 1318 1240 1362 vehementer
1260 1319 1402 1362 irrisit.
1443 1320 1659 1362 Praeterea

152 1402 275 1442 quam
317 1402 436 1443 saepe
473 1388 766 1442 diligenterque
805 1387 986 1428 nobilem
1017 1389 1167 1429 Catulli
1196 1390 1352 1444 poesim
1383 1404 1474 1430 cum
1505 1389 1657 1430 Culicis

151 1462 237 1499 tum
260 1457 364 1499 Ciris
394 1461 531 1498 auctor
556 1455 756 1498 imitando
787 1455 989 1497 effinxerit
1018 1461 1110 1512 post
1140 1457 1446 1512 disquisitiones
1474 1458 1656 1500 virorum

151 1525 404 1568 eruditorum
420 1526 456 1580 2)
495 1539 611 1567 nemo
648 1524 770 1566 hodie
810 1524 952 1566 nescit.
1011 1525 1147 1579 Atque
1185 1526 1307 1581 plane
1343 1526 1484 1568 eadem
1515 1530 1657 1581 poetae

151 1595 425 1637 admiratione
455 1607 537 1648 qua
567 1593 679 1635 ducti
709 1592 890 1648 singulas
928 1594 980 1636 ab
1011 1607 1057 1635 eo
1089 1595 1311 1637 sententias
1340 1594 1518 1636 mutuati
1547 1599 1654 1646 sunt,

149 1665 302 1705 factum
332 1668 395 1705 est
424 1667 471 1704 ut
498 1667 592 1718 post
613 1661 790 1715 Augusti
820 1666 997 1703 aetatem
1026 1676 1108 1704 non
1138 1663 1252 1705 nulla
1282 1664 1404 1705 etiam
1434 1669 1657 1705 metrorum

150 1746 299 1786 genera
328 1732 478 1786 quibus
509 1730 626 1773 valde
657 1730 842 1772 Catullus
872 1729 1095 1773 delectatus
1126 1737 1206 1784 est,
1248 1732 1462 1788 praecipue
1499 1732 1656 1774 iambos

149 1804 190 1843 et
217 1800 581 1856 hendecasyllabos
612 1814 689 1841 usu
716 1800 994 1855 probarent.3)

263 1869 421 1920 Quibus
451 1869 572 1910 rebus
602 1868 798 1924 expositis
829 1873 1012 1924 superest
1052 1875 1099 1911 ut
1136 1868 1186 1911 de
1216 1869 1412 1911 orationis
1443 1882 1654 1911 versuum-

149 1951 228 1992 que
259 1937 574 1979 conformatione
601 1951 706 1997 quae
736 1951 817 1978 non
846 1937 1017 1979 minima
1054 1952 1121 1979 ars
1151 1942 1212 1979 est
1241 1938 1487 1988 Catulliana,
1528 1951 1657 1992 pauca

149 2005 358 2050 addamus.
418 2005 468 2047 ln
498 2010 668 2060 utroque
710 2009 818 2048 enim
857 2020 1000 2061 genere
1030 2006 1257 2062 plurimum
1289 2020 1382 2047 cum
1412 2020 1437 2046 a
1466 2005 1653 2048 Lucretio

148 2074 310 2129 aequali
355 2079 444 2117 tum
485 2089 509 2116 a
549 2075 753 2131 prioribus
789 2075 922 2130 poetis
955 2075 1108 2116 Latinis
1152 2089 1197 2116 eo
1237 2074 1382 2126 differt,
1425 2074 1532 2128 quod
1563 2089 1654 2116 cum

147 2143 264 2198 longe
294 2157 415 2198 quam
444 2144 509 2185 illi
540 2145 723 2186 fecerunt
750 2143 937 2200 cupidius
961 2143 1152 2185 Graecam
1175 2143 1338 2197 quidem
1362 2143 1655 2199 proprietatem

148 2211 373 2263 affectaret,
403 2212 600 2253 maiorem
631 2213 753 2254 etiam
783 2214 1003 2254 verborum
1033 2225 1375 2266 numerorumque
1406 2213 1654 2254 concinnita-

148 2285 231 2323 tem
260 2285 468 2323 assecutus
499 2286 570 2322 est.
627 2281 789 2323 Etenim
817 2281 1038 2336 elegantiae
1060 2293 1241 2321 summae
1262 2280 1415 2335 ubique
1446 2281 1654 2323 studiosus

147 2349 310 2391 Italicos
340 2350 482 2392 modos
512 2363 591 2391 non
622 2354 779 2391 tantum
808 2364 914 2392 novo
945 2349 1173 2391 carminum
1204 2354 1245 2390 et
1265 2354 1489 2393 metrorum
1511 2363 1656 2404 genere

149 2419 283 2471 auxit,
327 2433 471 2466 verum
515 2419 638 2461 etiam
686 2419 730 2460 in
773 2420 931 2474 legibus
976 2433 1168 2462 versuum
1225 2418 1512 2463 subtilioribus
1555 2433 1655 2474 quas

243 2648 276 2693 1)
301 2650 344 2685 cf.
370 2651 413 2685 M.
434 2651 606 2696 Hauptius
632 2652 670 2686 in
694 2651 808 2686 indice
832 2651 907 2685 lect.
934 2649 1044 2687 Berol.
1069 2651 1185 2685 aestiv.
1209 2661 1239 2686 a.
1260 2649 1347 2687 1855
1372 2662 1404 2695 p.
1424 2650 1444 2684 6
1462 2661 1510 2694 sq.

239 2717 278 2765 2)
301 2720 388 2754 Vide
413 2720 584 2763 Silligium
607 2721 653 2755 ad
678 2720 781 2754 Cirim
805 2731 838 2763 p.
859 2719 923 2753 155
949 2729 1021 2762 sqq.
1054 2722 1089 2752 et
1111 2721 1155 2753 Μ.
1180 2720 1369 2762 Hauptium
1393 2720 1429 2753 in
1452 2719 1536 2752 actis
1560 2719 1654 2753 acad.

148 2775 258 2811 Berol.
283 2777 475 2812 menstruis·
490 2773 538 2822 (a.
562 2776 664 2820 1858)
689 2788 721 2822 p.
740 2776 934 2812 659-671.

239 2844 275 2887 3)
300 2846 341 2880 cf.
367 2844 452 2880 Luc.
480 2846 664 2881 Muellerus
690 2846 732 2881 de
756 2857 792 2881 re
817 2848 913 2881 metr.
939 2856 971 2889 p.
989 2845 1033 2879 42
1060 2848 1094 2880 et
1118 2846 1171 2881 90.
