1923 3104
929 84 982 136 16

198 212 306 260 illud
336 222 378 260 ei
405 218 449 261 in
478 218 836 269 terminationibus
867 218 1068 261 secundae
1099 216 1388 263 declinationis
1417 224 1579 275 praeter
1598 207 1744 276 solos‘ssss

197 287 359 330 dativos
406 293 446 330 et
487 287 692 331 ablativos
721 287 825 343 plur.
857 288 931 329 in·
949 288 1010 329 eis
1052 288 1187 330 finitos
1229 303 1311 331 non
1351 292 1435 330 tam
1466 285 1744 351 diphthongis

199 357 284 399 vim
315 357 507 400 habuisse
549 369 673 410 quam
704 355 884 397 medium
927 357 1132 411 quendam
1176 356 1284 399 inter
1313 372 1334 399 e
1363 361 1403 399 et
1431 360 1450 399 i
1477 370 1625 400 sonum
1653 357 1708 413 siff

195 426 405 481 gnificasse
427 426 476 469 cf.
501 426 723 467 Corssenus
744 416 776 476 I,
809 440 846 481 p.
876 426 970 469 751.
996 426 1090 470 768.
1124 427 1205 468 787
1235 440 1294 481 sq.
1335 426 1388 469 Et
1406 426 1582 482 priscam
1602 427 1709 470 hanc
1732 444 1744 467 .·

196 495 400 547 scribendi
447 494 781 536 consuetudinem
812 494 999 537 Catullus
1044 494 1335 550 dactylicorum
1378 495 1559 538 omnium
1588 495 1715 552 longo

199 563 528 618 frequentissime
578 563 824 605 carminibus
870 564 1069 619 expressit
1119 564 1234 606 velut
1282 564 1465 606 indicant
1511 564 1555 606 hi
1603 563 1704 606 loci:
1732 592 1737 593 ν

196 632 384 674 Romulei
431 631 631 685 Remique
682 631 872 683 XXVIII,
926 633 990 684 15,
1041 631 1220 688 pulveris
1270 633 1422 675 Africei
1462 633 1569 685 LXI,
1621 632 1706 677 206

200 701 270 756 (cf.
302 700 518 750 Schwabe,
564 702 689 755 praef.
729 700 822 743 edit.
856 715 894 756 p.
925 700 1087 742 XVIIII
1119 706 1160 742 et
1190 700 1395 753 XXVIII),
1426 701 1556 743 multa
1589 700 1709 743 milia

198 769 310 810 ludei
369 768 470 811 ibid.
502 770 599 811 210.
634 768 800 810 domina
832 768 1049 824 Dindymei
1080 769 1225 821 LXIII,
1257 769 1324 812 91.
1361 784 1381 810 e
1412 770 1564 811 vertice
1593 769 1706 811 Pelei
1748 820 1750 822 9
1800 780 1822 829 t=

196 837 361 887 LXIIII,
395 836 491 878 278.
523 837 608 878 fata
627 851 792 892 gemens
822 836 943 892 Itylei
966 837 1031 891 CI,
1057 837 1121 878 12.
1155 837 1313 888 Quibus
1335 837 1476 879 formis
1496 838 1635 880 nescio
1655 851 1707 879 an
1817 838 1831 855 ⁴
1906 875 1911 900 9

196 912 303 948 recte
324 905 654 947 adnumerandae
685 906 768 947 sint
791 906 1094 947 emendationes
1121 906 1364 947 Lachmanni
1385 907 1523 961 gnatei
1541 907 1707 959 LXVII,
1824 884 1921 957 ἒ

200 975 254 1016 23
286 979 327 1016 et
358 974 488 1016 taurei
521 970 667 1025 LXIII,
701 975 754 1015 10
775 980 815 1015 et
836 974 942 1015 verei
976 969 1148 1030 pectoris
1169 974 1314 1025 LXVI,
1347 976 1414 1017 74.
1436 979 1526 1017 tum
1542 974 1704 1028 Klotzii‚
1772 1008 1775 1009 ν
1833 978 1882 1045 {P

197 1043 357 1085 emcnd.
389 1043 475 1084 Cat.
508 1058 546 1097 p.
580 1042 680 1083 XIII
722 1043 903 1097 antiquei
940 1043 1153 1094 XXXIIII,
1194 1043 1248 1084 ⁶23
1288 1058 1334 1084 ac
1364 1043 1567 1085 Schwabii
1597 1043 1705 1085 illud
1782 1053 1880 1097 ἦέ

196 1111 378 1166 coniugis
415 1115 531 1152 novei
563 1110 770 1162 LXVIIIb,
813 1114 865 1153 81
899 1112 947 1153 cf.
980 1111 1163 1153 eiusdem
1202 1111 1362 1160 Quaest.
1394 1111 1480 1155 Cat.
1512 1111 1531 1153 I
1560 1125 1600 1167 p.
1625 1112 1707 1155 154

196 1180 338 1222 Dativi
369 1178 558 1234 exempla
577 1185 863 1221 remanserunt
882 1180 1037 1233 integra
1055 1179 1145 1231 tria,
1176 1192 1279 1233 quae
1299 1184 1395 1221 sunt
1414 1179 1602 1221 Herculei
1623 1179 1706 1232 LV,

200 1250 265 1291 13.
299 1247 416 1289 crede
448 1247 552 1288 lucei
582 1247 682 1290 ibid.
719 1250 781 1290 16.
815 1247 1020 1303 subrepsti
1048 1247 1127 1289 mei
1158 1247 1361 1298 LXXVII,
1393 1249 1419 1291 3
1449 1248 1497 1291 cf.
1530 1248 1635 1291 sibei
1664 1247 1706 1289 in
1784 1292 1787 1295 ,
1825 1239 1916 1292 ᾆξ’

200 1316 274 1358 SC.
309 1316 359 1357 de
389 1315 605 1367 Bacchan„
635 1315 717 1356 mei
747 1316 895 1357 misero
925 1310 1080 1358 Novius
1110 1318 1178 1359 48.
1213 1316 1403 1358 Vocativi
1439 1330 1568 1357 unum
1597 1320 1707 1358 extat

197 1374 501 1435 FureiXXIlI,
547 1386 583 1434 1,
628 1384 697 1425 sed
743 1384 837 1425 Furi
866 1384 1015 1434 XXVI,
1059 1384 1090 1427 I.
1142 1384 1473 1426 Ablativiitem
1517 1398 1645 1426 unum
1681 1397 1707 1424 a

196 1452 327 1493 marei
356 1452 453 1501 IIII,
498 1451 553 1494 23
596 1451 706 1504 quod
744 1452 1026 1492 Lachmannus
1069 1466 1090 1492 e
1120 1452 1304 1493 codicum
1342 1452 1514 1493 lectione
1558 1457 1710 1493 amaret
1825 1459 1909 1507 „

197 1520 444 1577 simpliciter
486 1519 655 1563 effinxit.
703 1519 988 1562 Nominativus
1029 1520 1133 1576 plur.
1177 1520 1301 1563 semel
1348 1520 1456 1577 apud
1499 1520 1706 1563 Catullum
1807 1532 1884 1579 ⁴

199 1590 305 1631 hanc
344 1589 516 1631 formam
563 1595 667 1630 certe
708 1589 844 1631 induit
874 1589 915 1630 in
951 1589 1069 1630 bonei
1100 1590 1291 1644 coniuges
1320 1589 1424 1642 LXI,
1457 1589 1554 1631 232.
1585 1594 1628 1632 at
1657 1603 1707 1630 ne

197 1659 367 1700 minima
415 1658 578 1711 quidem
630 1658 731 1698 mihi
773 1658 974 1700 dubitatio
1020 1663 1104 1706 est,
1149 1659 1250 1712 quin
1296 1658 1434 1700 eodem
1481 1658 1710 1714 pertIneant
1750 1656 1754 1673 ³
1824 1644 1923 1724 ²

199 1726 404 1769 Schwabii
435 1730 475 1767 et
496 1725 737 1768 Rossbachii
769 1729 870 1780 quei
897 1725 1004 1780 quod
1035 1726 1106 1767 ille
1135 1726 1186 1777 X,
1219 1727 1286 1777 22,
1318 1726 1383 1767 hic
1414 1725 1524 1777 XVI,
1558 1728 1611 1769 1?
1636 1739 1708 1782 pro
1771 1722 1797 1782 ,ᾗ

198 1796 393 1836 librorum
455 1795 670 1836 traditione
729 1808 811 1848 que
868 1795 1062 1847 restituit,
1122 1809 1240 1850 porro
1289 1795 1537 1836 Lachmanni
1596 1798 1712 1836 novet·
1820 1790 1919 1839 ssa}

201 1863 294 1905 libri
315 1862 447 1914 XXII,
480 1863 504 1903 6
528 1867 567 1903 et
587 1862 781 1916 Scaligeri
803 1862 901 1903 scite
921 1863 1132 1904 inventum
1163 1862 1340 1914 „rivales
1368 1862 1707 1918 socz’ez'puellula·
1747 1870 1751 1874 ‘
1789 1868 1791 1870 ’

201 1935 321 1972 rum“
353 1930 480 1981 LVII,
524 1934 549 1972 9
590 1931 806 1984 probatum
847 1937 888 1971 et
927 1930 1139 1972 defensum
1174 1933 1225 1973 ab
1256 1931 1437 1985 Hauptio
1474 1930 1518 1971 in
1554 1932 1712 1972 observ.
1821 1918 1911 1987 Ἓξ.

199 2000 288 2041 crit.
320 2014 360 2054 p.
391 1999 462 2040 41.
510 1997 697 2052 Denique
739 1998 815 2039 hoc
853 2011 979 2052 genus
1016 1998 1240 2055 scripturae
1276 2012 1407 2053 usque
1443 1998 1494 2039 ad
1530 2003 1714 2054 tempora

200 2068 378 2123 Augusti
422 2067 626 2109 latissime
667 2068 833 2122 patebat
869 2067 911 2108 in
942 2067 1094 2109 dativis
1125 2073 1165 2109 et
1194 2067 1388 2110 ablativis
1418 2081 1510 2109 cum
1540 2066 1715 2110 aliorum
1796 2060 1920 2137 *1

206 2138 422 2179 verborum
465 2141 554 2177 tum
599 2136 811 2177 nominum
856 2136 1068 2192 praecipue
1110 2136 1374 2192 populorum,
1424 2140 1470 2178 ut
1514 2140 1715 2179 testantur

203 2208 359 2247 formae
391 2205 576 2246 Sabz'nez's
606 2206 820 2245 Etr-meeis
852 2204 1087 2258 Campanez's
1118 2205 1276 2246 similes
1306 2205 1409 2246 aliae
1445 2218 1546 2258 quas
1575 2204 1716 2246 attulit
1779 2187 1919 2260 ,i

204 2274 428 2315 Corssenus
460 2273 479 2313 I
510 2287 564 2328 p.-
584 2273 680 2314 761.
732 2273 779 2313 In
811 2273 1016 2315 codicibus
1047 2273 1215 2327 quidem
1238 2273 1387 2314 Catulli
1407 2277 1565 2327 praeter
1583 2285 1714 2314 unum
1839 2311 1921 2333 9,

201 2347 373 2384 certum
407 2340 641 2396 exemplum
684 2340 816 2382 aureis
856 2340 1078 2392 XXXXVI,
1130 2341 1155 2382 3
1193 2355 1313 2397 saepe
1355 2340 1526 2395 vestigia
1553 2344 1713 2382 tantum
1819 2377 1829 2394 ⁴

201 2410 362 2467 priscae
412 2410 583 2451 rationis
633 2410 807 2450 obscura
848 2409 1097 2451 delituerunt
1141 2409 1257 2452 velut
1294 2409 1386 2459 XII,
1434 2409 1485 2449 14
1530 2410 1715 2451 exhibere
1793 2400 1825 2409 Ἦ

203 2479 401 2521 traditum
443 2484 507 2520 est
536 2492 605 2532 pro
636 2493 688 2519 εκ
716 2478 921 2528 Hiber-eis,
955 2479 1100 2521 deinde
1130 2478 1257 2530 XVII,
1278 2480 1306 2521 3
1337 2478 1406 2520 ubi
1436 2482 1530 2533 post
1558 2477 1712 2520 Handii

203 2547 482 2589 coniecturam
512 2548 656 2588 ansulis
678 2546 915 2589 Schwabius
945 2547 995 2588 ad
1027 2547 1218 2589 carminis
1241 2545 1498 2599 LXXXXVI,
1533 2549 1552 2589 1
1585 2547 1715 2589 forma

199 2616 467 2671 antiquarum
511 2615 738 2657 litterarum
787 2630 832 2656 ac
881 2617 1011 2658 sulcis
1059 2616 1288 2659 accuratius
1333 2629 1524 2671 expressa
1572 2615 1713 2671 potius

203 2686 369 2726 aoeulezs
388 2684 605 2738 legendum
628 2688 778 2734 censet,
801 2684 933 2726 nescio
949 2698 1002 2725 an
1017 2685 1172 2727 leviore
1189 2684 1444 2726 muntatione
1464 2685 1641 2726 assulas·
1652 2697 1712 2725 re-
1820 2726 1840 2749 ⁴¹(

206 2753 467 2797 scribendum
499 2752 553 2794 sit
582 2752 670 2794 loco
704 2751 890 2806 vulgatae
921 2751 1106 2796 lectionis
1137 2754 1306 2796 assulas
1339 2752 1536 2795 Similiter
1555 2751 1715 2794 librarii
1750 2743 1917 2812 442'22-3'·

201 2822 305 2872 LXI,
329 2824 409 2865 22„
391 2826 413 2850 )
433 2825 596 2863 insci'ezs
627 2821 671 2862 in
693 2824 865 2862 zmnsczens
885 2826 927 2863 et
947 2823 1090 2874 LXVI,
1122 2822 1176 2864 58
1199 2821 1444 2875 Canopzfflezs
1433 2835 1477 2862 1n
1499 2821 1713 2875 Canopica&
1753 2798 1888 2896 Α).
