1923 3104
895 110 952 158 63

93 209 100 263 t
124 222 128 226 ¹
168 254 218 299 ἸῙ).
238 238 359 298 304).
391 268 442 274 —
474 239 566 284 Jam
596 237 695 283 huic
722 238 1014 297 praepositioni
1033 239 1244 296 aptissime
1263 236 1498 294 adiungitur
1517 237 1566 281 de
1585 250 1676 295 par-

83 334 87 348 :
117 362 119 364 ,
177 310 305 354 ticula
333 327 376 354 re
406 312 450 354 in
490 309 781 366 compositione
811 309 1029 352 verborum
1066 308 1319 365 disceptatio.
1380 307 1493 350 Illud
1522 306 1677 350 scilicet

95 397 98 399 Δ
157 381 400 437 praefixum
434 380 548 422 cuius
577 378 753 434 genuina
780 380 871 420 red
899 378 1029 420 forma
1048 391 1249 432 nusquam
1271 377 1449 434 amplius
1479 377 1677 433 reperitur

179 449 248 504 (cs.
279 449 410 492 Corss.
442 448 484 490 II
513 462 554 503 p.
573 446 679 502 466)
710 446 864 501 duplici
894 446 1014 489 modo
1044 451 1271 503 correptum
1300 445 1408 502 apud
1437 450 1578 502 poetas
1608 458 1676 501 ap-

98 530 100 532 ’
181 523 306 573 Paret,
337 521 457 573 prout
493 530 518 557 a
546 515 680 557 vocali
709 515 774 556 vel
803 517 828 555 k
858 520 928 557 aut
956 529 981 556 a
1010 528 1186 557 consona
1213 514 1357 570 incipit
1385 527 1459 556 vos
1489 525 1675 569 sequens-

177 587 284 628 Ante
313 585 406 627 illas
456 583 620 637 quidem
667 583 804 625 literas
840 584 881 625 in
911 581 995 625 rb‘d
1030 583 1243 634 breviatur,
1274 596 1414 624 rursus
1443 583 1518 625 hac
1547 595 1677 624 succe-

179 654 299 697 dente
340 652 519 709 speciem
558 648 609 693 re?
643 645 900 693 imminutam
923 651 1164 708 assumpsit.
1225 652 1291 694 Ab
1321 651 1397 693 hoc
1424 664 1536 693 more
1567 650 1678 692 solus

181 723 289 764 inter
328 721 551 777 dactylicos
596 721 797 776 discrepat
826 720 1036 762 Lucretius
1080 721 1151 775 qui
1180 720 1232 761 ad
1262 720 1467 776 exemplar
1494 726 1677 762 veterum

182 791 426 834 comicorum
469 789 712 844 aliquotiens
756 789 836 833 sibi
892 789 1079 846 permisit
1116 790 1250 832 brevis
1292 788 1477 845 syllabae
1533 788 1679 845 produ·

183 858 359 899 ctionem
389 859 595 912 geminata
624 858 789 913 quidem
818 859 991 914 proximi
1019 858 1135 901 verbi
1165 863 1406 900 consonante
1436 858 1483 899 cf.
1515 856 1677 900 Bouter-

96 950 101 951 ν
180 926 268 968 wek
299 926 326 970 l.
350 942 382 968 c.
413 942 452 983 p.
476 928 530 970 22
562 941 621 981 sq.
683 927 796 978 Quod
843 941 933 968 oum
972 940 996 968 a
1031 940 1074 968 se
1104 940 1182 968 non
1214 927 1447 982 impetraret
1476 928 1674 980 Catullus,

180 994 337 1050 primus
368 996 657 1051 dactylicorum
686 995 766 1037 fuit
793 995 864 1050 qui
893 996 936 1037 in
966 996 1087 1037 huius
1115 995 1227 1037 modi
1247 995 1481 1051 compositis
1501 1009 1575 1051 pro
1596 1010 1676 1038 cor-

179 1067 294 1118 repta
336 1077 496 1120 semper
543 1064 759 1119 usurpavit
801 1079 845 1105 re
894 1063 1130 1119 particulam
1179 1063 1347 1118 eiusque
1396 1064 1676 1106 auctoritatem

182 1146 322 1176 omnes
352 1132 543 1174 videntur
573 1133 701 1174 secuti
726 1146 815 1173 esse
836 1133 882 1175 cf.
908 1132 990 1183 LV,
1015 1134 1078 1174 11.
1109 1131 1292 1183 LXXVI,
1327 1135 1372 1174 11
1407 1146 1480 1173 nec
1509 1146 1587 1174 nou
1618 1149 1676 1174 re-

178 1202 289 1242 latus
325 1200 466 1251 XXII,
507 1202 532 1242 6
582 1201 689 1254 quod
733 1201 864 1256 prima
908 1200 1079 1242 adaucta
1121 1204 1246 1242 metro
1291 1200 1491 1242 concessit
1531 1200 1677 1242 Lucre-

178 1268 262 1311 tius
298 1269 358 1319 ΙΙ,
407 1271 528 1312 1001.
572 1295 628 1300 —-
668 1271 724 1311 At
768 1269 916 1311 detrita
959 1269 1038 1311 u'su
1085 1268 1158 1310 illa
1206 1270 1350 1322 relzyz'o
1390 1274 1430 1310 et
1479 1270 1678 1323 reliquiae

179 1350 326 1390 magna
354 1336 554 1379 fluctuant
583 1337 818 1379 diversitate
857 1337 1082 1393 scripturae
1124 1350 1204 1379 non
1241 1337 1372 1391 magis
1402 1337 1445 1378 in
1474 1336 1678 1379 codicibus

180 1419 298 1459 quam
328 1406 378 1450 in,
402 1405 658 1448 editionibus,
700 1407 870 1447 Brevem
891 1406 936 1446 in
965 1405 1030 1446 his
1059 1405 1249 1460 primitus
1281 1405 1407 1446 fuisse
1437 1405 1677 1460 particulam

178 1473 396 1515 manifesta
436 1473 646 1515 declarant
687 1474 731 1515 in
773 1473 890 1516 libris
937 1478 1122 1515 veterum
1166 1477 1375 1528 poetarum
1420 1473 1591 1527 vestigia
1629 1473 1676 1516 cf.

180 1541 365 1584 Corssen.
396 1542 435 1584 Il
466 1557 504 1598 p.
523 1544 608 1585 466
629 1555 689 1596 sq.
750 1542 903 1591 Quodsi
938 1555 1145 1595 nunquam
1175 1540 1361 1596 dactylici
1407 1542 1486 1583 nisi
1530 1542 1678 1598 produ-

180 1613 287 1650 ctam
308 1609 570 1662 admiserunt,
601 1624 722 1651 causa
751 1610 873 1652 huius
904 1610 964 1652 rei
995 1609 1094 1651 satis
1124 1609 1342 1665 perspicua
1371 1615 1432 1651 est
1461 1624 1590 1665 neque
1620 1611 1678 1652 in-

180 1677 289 1732 diget
319 1677 611 1733 explicationis.
673 1679 721 1719 In
760 1679 850 1733 ipso
898 1684 1033 1720 autem
1080 1678 1283 1719 scribendi
1321 1692 1466 1731 genere
1506 1693 1584 1720 non
1616 1687 1677 1720 est

180 1744 450 1787 dubitandum
480 1746 576 1800 quin
607 1760 657 1787 ex
687 1746 852 1789 arbitrio
884 1746 989 1788 alius
1009 1745 1133 1787 aliam
1153 1746 1488 1788 consuetudinem
1514 1752 1677 1789 secutus

180 1814 251 1855 sit:
299 1818 405 1856 certe
436 1814 503 1869 qui
524 1814 728 1870 duplicare
750 1814 933 1857 solebant
961 1814 1074 1856 illam
1103 1819 1196 1871 post
1223 1830 1266 1856 re
1296 1828 1525 1868 consonam,
1555 1816 1678 1858 etiam

180 1881 310 1934 literis
343 1882 569 1938 significare
599 1883 789 1926 volebant
823 1883 1065 1939 particulam
1103 1883 1272 1939 singulis
1301 1883 1400 1926 locis
1429 1884 1598 1940 produci
1628 1885 1676 1927 cf.

180 1952 349 1994 Servius
379 1952 430 1994 ad
460 1953 561 1994 Aen.
593 1953 628 2004 Ι,
649 1953 715 1996 30.
756 1953 890 2007 Atqoe
920 1967 1010 1995 cum
1039 1952 1103 1994 his
1134 1952 1293 1994 videtur
1318 1940 1504 1995 'Catullus
1534 1954 1678 1996 fecisse

182 2020 308 2061 semel
356 2021 426 2075 qui
466 2025 550 2063 toto
588 2021 689 2063 libro
730 2021 892 2077 scripsit
920 2023 1079 2075 rellzyio
1110 2021 1306 2072 LXXXX,
1336 2024 1376 2072 4,
1417 2022 1452 2063 si
1481 2023 1676 2064 maiorem

107 2108 109 2111 ·
182 2088 391 2142 sequimur
420 2089 605 2132 codicum
635 2094 798 2145 partem.
861 2090 1046 2132 Ceterum
1077 2090 1171 2132 huic
1196 2090 1393 2132 vocabulo
1414 2090 1548 2131 simile
1578 2091 1676 2145 quid

183 2156 293 2212 apud
323 2162 485 2212 poetam
500 2158 778 2200 Veronensem
807 2172 887 2200 non
917 2158 1127 2200 invenitur
1155 2171 1286 2212 neque
1316 2160 1518 2213 reliquiae
1547 2172 1678 2213 neque

181 2226 373 2279 reliquus
417 2226 533 2268 cuius
586 2227 714 2268 forma
756 2227 968 2282 trisyllaba
1014 2227 1178 2269 omnino
1220 2227 1460 2283 posteriores
1513 2227 1677 2270 demum
1712 2244 1715 2246 ·

181 2299 324 2349 poetae
355 2294 417 2335 usi
450 2299 555 2345 sunt,
588 2300 633 2337 ut
660 2295 770 2337 Pers.
802 2302 874 2338 sat.
900 2296 949 2348 V,
981 2297 1048 2338 87.
1080 2295 1257 2339 Martial.
1288 2295 1426 2347 XIIII,
1458 2295 1525 2347 38,
1559 2297 1596 2338 2.
1629 2298 1676 2337 cf.

181 2362 403 2405 Schneider
433 2377 491 2417 gr.
513 2363 638 2405 Lat.I
669 2379 695 2420 p
732 2365 828 2408 591.
860 2369 1043 2406 Corssen.
1066 2364 1105 2406 II
1134 2379 1173 2420 p.
1187 2365 1271 2407 466
1292 2378 1350 2419 sq.

298 2431 387 2473 Jam
419 2432 484 2474 his
516 2446 620 2486 quae
651 2433 936 2489 expedivimus
966 2433 1149 2489 proxime
1179 2433 1434 2475 subiicienda
1462 2442 1523 2476 est

747 2513 785 2549 3.
821 2514 879 2549 De
900 2513 1094 2559 positione

181 2567 319 2624 paullo
351 2568 547 2612 curiosior
578 2584 699 2624 quam
730 2585 754 2612 a
774 2571 935 2614 Nobbio
966 2572 1016 2612 de
1035 2571 1178 2613 metris
1199 2571 1282 2615 Cat.
1309 2572 1347 2613 lI
1376 2588 1415 2628 p.
1438 2573 1493 2615 -18
1524 2571 1675 2613 dudum

182 2637 370 2679 instituta
399 2643 462 2679 est
492 2638 739 2693 disquisitio.
799 2639 880 2682 Nec
899 2637 1077 2682 alienum
1098 2639 1257 2682 videtur
1278 2641 1498 2684 orationem
1526 2641 1567 2682 in
1598 2655 1675 2694 qua

181 2719 305 2761 supra
334 2707 520 2749 substitit
547 2708 765 2763 particula,
796 2709 845 2750 ad
878 2723 966 2750 eam
994 2723 1100 2750 nunc
1126 2709 1343 2752 reflectere.
1385 2711 1517 2763 Atque
1537 2715 1676 2751 notum

180 2774 222 2815 in
254 2774 398 2828 vulgus
429 2780 491 2817 est
511 2782 679 2831 excepta
698 2791 961 2819 consonarum
980 2779 1027 2831 ql
1046 2778 1304 2833 copulatione
1325 2792 1442 2832 quam
1466 2777 1675 2819 christiani

182 2842 344 2884 demum
375 2847 515 2898 poetae
559 2844 599 2885 vi
636 2845 854 2899 positionis
879 2851 1088 2897 exuerunt,
1130 2847 1171 2887 in
1203 2847 1392 2889 omnibus
1420 2846 1555 2888 verbis
1586 2861 1677 2888 cum
