1923 3104
101 288 106 294 .
171 233 288 272 com.
339 227 363 268 7
404 221 570 282 eiusque
606 225 884 268 auctoritatem
923 224 993 280 qui
1028 228 1191 268 secutus
1227 225 1283 268 sit
1310 224 1470 267 nullum
1520 224 1685 268 invenio

167 299 345 353 »praeter
365 295 571 339 Catullum
599 294 641 335 in
672 298 779 336 certa
807 293 974 348 quidem
1003 293 1231 336 elocutione
1253 293 1391 346 XVII,
1427 295 1498 337 17:
1530 293 1686 346 ,ludere

94 362 100 366 ’
189 365 292 408 hanc
341 364 444 407 sinit
489 368 538 406 ut
579 362 694 405 lubet
735 376 809 405 nec
850 362 929 419 pili
969 362 1066 405 facit
1108 367 1210 406 uni}
1268 362 1402 405 Semel
1439 362 1563 418 igitur
1591 362 1687 405 huic

111 469 114 471 .
188 434 376 477 licentiae
404 437 525 490 poeta
551 431 743 474 indulsit:
774 445 869 474 nam
889 431 1058 474 alteram
1079 431 1207 474 dativi
1228 432 1397 474 formam
1419 446 1502 474 uno
1523 431 1686 474 domino

186 503 392 555 XXXXV,
436 503 489 545 14
517 513 598 542 non
634 499 807 542 debebat
835 515 905 557 pro
936 500 1119 556 exemplo
1149 500 1289 543 afferre
1320 501 1433 543 Neue
1461 500 1503 542 II
1532 515 1572 557 p.
1607 500 1688 543 186

187 578 234 614 ut
262 577 356 628 pote
385 570 556 612 lectione
586 569 730 624 optimi
759 570 911 611 codicis
938 569 1222 612 Germanensis
1250 570 1480 613 refutatam.
1530 570 1618 620 Qua
1645 569 1686 610 in

187 655 234 684 re
268 654 347 683 non
391 638 569 690 alienum
599 638 761 681 videtur
796 651 1109 681 commemorare
1144 638 1323 681 eiusdem
1353 638 1542 681 vocabuli
1570 652 1687 681 voca-

170 710 321 752 'tivum
362 721 522 764 perraro
560 708 693 763 reperi
728 708 772 749 in
809 707 955 749 litteris
983 708 1142 749 Latinis
1181 708 1230 751 cf.
1261 707 1394 749 Plaut.
1425 707 1534 763 apud
1562 708 1686 749 Prisc.

187 793 227 836 p.
266 778 349 821 673
390 776 455 828 Ρ.,
487 775 615 818 Varro
650 776 695 819 L.
734 776 786 828 L,
817 776 935 827 VIII,
972 777 1045 829 35,
1087 778 1155 821 63.
1212 776 1396 819 Catullus
1430 776 1529 819 item
1563 776 1686 819 semel

188 861 283 889 eum
331 846 522 888 adhibuit
568 853 612 887 in
655 845 874 898 XXXVII,
927 848 999 888 17:
1047 851 1109 897 ‚tu
1152 851 1312 902 praeter
1346 859 1487 888 omnes
1522 860 1604 908 mre
1638 845 1688 886 de

189 914 418 971 capillatis‘.
1610 923 1615 925 “

304 983 409 1025 Tum
438 983 482 1024 in
510 984 747 1039 pronomine
778 983 1095 1026 demonstrativo
1124 985 1188 1024 hic
1213 985 1304 1025 haec
1321 985 1392 1024 hoc
1411 982 1689 1026 adnotandum

189 1059 252 1096 est
296 1051 536 1095 nominativi
580 1052 681 1108 plur.
724 1066 867 1106 genere
909 1052 1104 1095 feminino
1139 1052 1264 1108 positi
1301 1052 1409 1108 apud
1439 1052 1689 1107 antiquiores

191 1125 351 1177 praeter
390 1121 596 1174 vulgarem
648 1121 820 1162 formam
870 1120 993 1162 etiam
1028 1121 1198 1162 alteram
1233 1123 1325 1163 haec
1359 1121 1401 1162 in
1435 1135 1516 1162 usu
1551 1121 1688 1172 fuisse,

189 1203 309 1245 quem
358 1189 411 1232 ad
459 1189 626 1232 modum
672 1190 834 1246 saepius
875 1190 1066 1232 dixerunt
1113 1189 1281 1232 Plautus
1326 1195 1367 1232 et
1395 1189 1611 1233 Terentius
1640 1190 1688 1234 cf.

157 1297 159 1299 .
188 1257 334 1302 Donat.
384 1259 437 1301 ad
476 1259 638 1302 Terent.
669 1259 794 1301 Andr.
834 1260 928 1304 656.
960 1260 1064 1302 Eun.
1101 1260 1198 1310 582,
1235 1264 1276 1302 et
1305 1258 1554 1303 Fleckeisen.
1583 1273 1689 1303 mus,

189 1328 318 1372 Rhen.
354 1328 475 1372 1849.
507 1328 589 1370 VlI
624 1344 664 1384 p.
703 1330 801 1373 271.
860 1329 978 1371 Hunc
1011 1344 1164 1372 morem
1193 1333 1353 1386 praeter
1382 1334 1534 1371 ceteros
1563 1329 1689 1371 semel

190 1396 372 1439 Catullus
420 1410 580 1452 quoque
621 1397 830 1453 probavit,
880 1412 972 1440 cum
1013 1398 1190 1450 LXIIII,
1240 1398 1325 1440 320
1366 1396 1416 1439 de
1458 1397 1591 1440 Parcis
1634 1397 1692 1439 ita

191 1465 369 1522 scripsit:
401 1467 505 1518 ,haec
531 1471 618 1508 tum
650 1466 847 1508 clarisona
874 1466 1069 1509 vellentes
1098 1466 1248 1509 vellera
1276 1470 1384 1508 voce‘
1417 1470 1491 1510 etc.
1549 1466 1690 1521 Neque

190 1533 429 1577 addubitare
459 1535 664 1578 debebant
682 1534 964 1577 Lachmannus
985 1548 1159 1590 eumque
1187 1535 1259 1590 qui
1288 1535 1414 1576 secuti
1443 1538 1540 1576 sunt
1568 1535 1690 1577 fidem

189 1602 385 1646 librorum
433 1603 538 1645 mire
587 1603 662 1645 hoc
709 1603 794 1646 loco
830 1604 939 1647 inter
976 1618 1020 1646 se
1049 1604 1375 1659 congruentium,
1425 1604 1507 1645 nisi
1537 1604 1690 1659 origine

191 1671 378 1715 lectionis
417 1677 627 1729 suspectae
663 1673 777 1729 prius
806 1672 963 1716 detecta
991 1678 1032 1716 et
1060 1672 1274 1729 explicata.
1333 1672 1566 1716 Defendunt
1593 1686 1690 1715 sane

191 1740 389 1783 traditum
437 1742 656 1784 rectissime
695 1742 899 1784 Usenerus
945 1756 1038 1784 ann.
1076 1741 1197 1784 Jahn.
1228 1741 1437 1783 LXXXXI
1466 1756 1504 1798 p.
1536 1743 1620 1786 226
1650 1747 1691 1784 et

194 1810 237 1854 L.
270 1809 492 1853 Muellerus
541 1811 591 1853 de
639 1825 681 1853 re
733 1816 850 1853 metr.
899 1826 939 1867 p.
988 1812 1089 1862 386,
1140 1811 1289 1865 quibus
1329 1811 1371 1853 in
1407 1811 1583 1854 editione
1618 1824 1693 1853 sua

192 1879 433 1922 Schwabius
462 1880 644 1922 accessit.
703 1880 830 1922 Locos
860 1879 1029 1922 aliorum
1059 1880 1130 1933 qui
1159 1879 1299 1921 eadem
1329 1880 1457 1922 forma
1484 1880 1688 1922 interdum

190 1946 381 1990 delectati
411 1955 518 2000 sunt,
549 1948 691 1991 sedulo
722 1949 923 2004 congessit
951 1949 1064 1990 Neue
1093 1948 1133 1990 Π
1163 1963 1202 2004 Ρ.
1238 1948 1332 1991 150.

305 2015 448 2059 Restat
497 2017 675 2073 denique
724 2017 926 2072 agendum
971 2017 1021 2059 de
1055 2016 1307 2073 pronominis
1337 2016 1497 2059 relativi
1527 2018 1691 2060 casibus

192 2083 330 2127 dativo
380 2091 421 2128 et
469 2086 645 2129 ablativo
691 2086 861 2142 pluralis
911 2100 1012 2141 quos
1050 2100 1142 2128 cum
1179 2089 1356 2127 oratores
1391 2090 1477 2126 tum
1516 2086 1692 2128 maxime

157 2186 160 2190 .
191 2157 334 2207 poetae
369 2153 526 2211 quippe
556 2155 627 2210 qui
656 2155 732 2197 hac
760 2169 804 2197 re
833 2169 915 2198 non
944 2169 1087 2211 parum
1116 2153 1402 2196 adiuvarentur
1430 2154 1474 2195 in
1503 2155 1692 2199 versibus
1724 2189 1727 2191 .

191 2213 388 2262 faciendis
403 2253 414 2272 ,
463 2223 627 2277 saepius
671 2224 857 2266 breviore
893 2224 1023 2265 forma
1052 2226 1151 2277 quis
1178 2221 1246 2263 vel
1276 2226 1396 2276 queis
1423 2223 1689 2277 protulerunt.

306 2288 450 2346 Itaque
479 2304 561 2333 non
589 2291 738 2334 mirum
768 2297 830 2335 est
860 2291 966 2348 quod
986 2291 1105 2348 plura
1134 2290 1223 2333 eius
1249 2290 1409 2345 generis
1438 2291 1624 2349 exempla
1649 2292 1692 2334 in

194 2357 349 2400 Catulli
383 2360 582 2414 poematis
618 2361 738 2403 nobis
781 2366 975 2403 occurunt
1010 2360 1145 2414 qualia
1173 2359 1376 2401 adscribo:
1415 2359 1535 2402 ditivi
1564 2374 1692 2402 unum

191 2424 364 2480 LXIHI,
430 2429 523 2471 145.
582 2432 773 2484 quattuor
832 2429 1005 2474 ablativi
1053 2427 1207 2481 LXIII,
1268 2428 1337 2471 46.
1392 2428 1569 2482 LXIIII,
1625 2430 1691 2474 80.

192 2493 335 2546 LXVI,
357 2496 426 2538 37.
447 2497 655 2549 LXVIII¹²‚
672 2500 735 2541 13.
757 2498 990 2541 Ceterorum
1005 2498 1156 2540 similia
1171 2497 1286 2539 offert
1297 2497 1411 2539 Neue
1425 2498 1466 2539 II
1478 2513 1518 2554 p.
1536 2499 1618 2540 170
1632 2511 1690 2551 sq.

728 2635 763 2662 c.
786 2625 843 2661 Dc
866 2623 1156 2669 coniugatione.

310 2700 366 2743 Ut
395 2702 665 2756 substantiva,
696 2704 899 2748 adiectiva
927 2708 967 2747 et
993 2704 1232 2760 pronomina
1251 2704 1318 2747 vel
1341 2703 1544 2747 Ciceronis
1563 2707 1693 2746 aetate

108 2771 116 2785 ”
194 2769 374 2813 nondum
410 2771 461 2813 ad
492 2777 641 2816 certam
671 2773 901 2817 declinandi
931 2774 1197 2816 constantiam
1227 2777 1492 2831 pervenerant
1520 2772 1693 2827 ideoque

39 2831 88 2908 {J
181 2850 269 2882 'nec
289 2839 331 2882 in
353 2839 548 2897 stirpibus
569 2856 703 2898 neque
718 2843 760 2885 in
773 2842 1131 2886 terminationibus
1147 2842 1309 2886 omnino
1325 2842 1405 2885 iam
1423 2841 1695 2898 deposuerant
