1923 3104
880 57 939 125 ⁵5·

784 258 939 312 CAP.
972 258 1042 311 II.

534 385 618 438 De
663 382 974 451 prosodia
1023 382 1283 436 Catulli.

272 503 338 545 Ad
387 503 490 545 hanc
538 500 638 542 artis
674 499 931 542 Catullianae
970 503 1124 555 partem
1162 498 1198 539 si
1236 498 1327 553 quis
1356 499 1459 541 forte
1487 499 1661 541 miratur

0 578 13 601 ‘³
129 600 131 602 -
159 586 225 613 me
255 576 347 627 post
376 584 424 612 ea
453 583 557 624 quae
582 569 665 609 iam
695 568 881 610 Nobbius
911 573 957 608 de
988 567 1130 608 metris
1160 567 1311 608 Catulli
1340 582 1379 622 p.
1414 568 1583 609 16—24
1613 568 1663 608 de

165 639 242 682 illa
289 639 456 695 quidem
504 638 548 679 in
577 636 757 679 medium
787 636 965 692 protulit,
998 649 1138 677 rursus
1168 635 1357 677 accedere
1387 650 1509 677 causa
1538 636 1661 678 huius

159 709 222 750 rei
261 708 355 749 inde
390 706 608 762 repetenda
643 711 706 747 est
735 705 843 759 quod
873 705 935 746 vir
964 705 1035 745 ille
1065 704 1281 757 aliquando
1313 704 1506 759 deceptus
1536 710 1663 746 totam

160 777 264 820 hanc
301 775 581 830 quaestionem
610 788 689 816 non
720 773 839 815 modo
870 773 960 814 sine
991 772 1058 814 via
1078 772 1253 827 quadam
1275 779 1315 815 et
1334 773 1492 815 ratione
1513 773 1659 828 attigit,

160 844 232 886 sed
262 844 383 886 etiam
413 844 620 899 permulta
648 856 727 883 non
759 856 806 883 ea
835 856 915 896 qua
945 855 1017 897 par
1046 846 1106 883 est
1136 855 1229 882 cura
1260 847 1300 883 et
1330 841 1543 896 diligentia
1562 846 1661 883 trac-

162 913 268 955 tavit
296 912 405 953 haud
435 913 494 953 ita
519 915 656 967 paucis
677 912 798 953 rebus
819 923 923 963 quae
943 910 994 951 ad
1018 924 1135 951 usum
1157 916 1299 965 poetae
1322 911 1385 951 vel
1408 911 1449 952 in
1470 910 1659 972 minutiis

165 980 486 1023 adumbrandum
516 979 722 1035 pertinent
751 993 917 1035 prorsus
949 979 1119 1021 omissis.
1176 978 1358 1020 Catullus
1388 980 1495 1020 enim
1525 993 1662 1034 quam-

164 1062 286 1103 quam
342 1049 387 1090 in
435 1050 646 1091 verborum
702 1048 906 1089 mensuris
962 1047 1200 1102 plerumque
1248 1061 1428 1089 normam
1479 1049 1664 1103 sequitur

163 1118 298 1174 poesis
328 1117 495 1159 Latinae
525 1117 650 1158 semel
683 1117 956 1167 constitutam,
987 1120 1121 1157 tamen
1153 1130 1234 1156 non
1263 1116 1412 1158 desunt
1440 1118 1482 1158 in
1512 1117 1662 1170 quibus

98 1234 101 1237 ⁴
159 1188 212 1228 ab
243 1186 488 1239 elegantiore
519 1186 787 1240 posteriorum
816 1184 969 1225 ratione
998 1197 1045 1224 ac
1074 1184 1363 1226 consuetudine
1393 1185 1554 1226 differat
1573 1199 1661 1240 pro-

158 1253 330 1309 piusque
360 1253 412 1294 ad
442 1253 696 1307 antiquiores
725 1257 863 1308 poetas
893 1251 1066 1293 accedat.
1130 1252 1270 1307 [taque
1301 1253 1437 1294 omnia
1465 1253 1545 1294 ista
1584 1253 1659 1294 sub

161 1335 242 1363 uno
292 1326 509 1376 conspectu
559 1322 693 1376 posita
740 1335 818 1362 non
850 1321 979 1374 magis
1010 1333 1219 1375 speramus
1251 1334 1320 1375 per
1350 1334 1392 1361 se
1422 1322 1507 1362 fore
1537 1322 1662 1363 utilia

160 1403 284 1444 quam
312 1404 551 1445 persuasum
581 1389 777 1432 habemus
808 1388 996 1444 quisquis
1027 1402 1193 1430 manum
1221 1389 1398 1430 criticam
1418 1389 1656 1432 admoturus

160 1457 216 1500 sit
245 1458 417 1509 Catullo,
449 1459 487 1499 ei
516 1459 687 1500 minime
717 1471 805 1499 esse
835 1456 1082 1512 negligenda.

271 1527 363 1569 Jam
392 1527 518 1582 igitur
547 1527 589 1568 in
620 1526 695 1568 hac
725 1541 766 1567 re
797 1530 844 1568 ut
873 1525 1081 1568 ordiamur
1111 1526 1319 1581 disputare

484 1642 518 1677 1.
559 1642 614 1677 De
638 1641 843 1684 longarum
868 1640 1060 1677 vocalium
1086 1640 1336 1686 correptione

157 1720 337 1777 primum
368 1721 412 1761 in
441 1721 726 1775 quaestionem
755 1719 960 1761 vocandae
991 1724 1086 1761 sunt

273 1806 312 1831 α.
365 1784 524 1831 vocales
561 1789 603 1830 in
643 1789 754 1831 exitu
791 1789 956 1843 quidem
986 1789 1275 1831 vocabulorum
1304 1790 1484 1845 positae,
1522 1794 1659 1831 tamen

157 1857 208 1899 ab
250 1857 344 1913 ipsa
381 1857 667 1900 terminatione
697 1858 897 1900 exclusae.
957 1857 1188 1900 Generatim
1218 1872 1314 1900 vero
1343 1857 1568 1900 notandum
1599 1865 1662 1900 est

156 1926 197 1967 in
229 1926 369 1979 lingua
398 1927 545 1968 Latina
574 1927 863 1981 antiquissima
893 1927 1023 1968 multo
1053 1927 1192 1982 plures
1224 1927 1350 1968 fuisse
1382 1927 1540 1969 vocales
1570 1942 1659 1982 pro-

157 1993 322 2046 ductas,
372 1994 414 2036 id
452 1994 560 2050 quod
589 1985 774 2037 veterum
803 2009 882 2038 non
914 2000 998 2037 tam
1027 2000 1384 2038 monumentorum
1415 2009 1538 2050 quam
1568 2009 1659 2050 poe-

157 2066 291 2104 tarum
322 2063 548 2118 scripturae
578 2064 699 2106 etiam
731 2079 840 2106 nunc
870 2064 976 2106 clare
1006 2069 1218 2106 testantur.
1279 2065 1334 2106 At
1363 2078 1434 2120 per
1464 2065 1660 2120 temporis

154 2134 288 2172 tamen
344 2130 556 2174 decursum
609 2132 703 2174 illae
755 2132 919 2188 quidem
957 2133 1088 2187 magis
1127 2133 1337 2187 magisque
1368 2137 1532 2189 coeptae
1565 2138 1662 2175 sunt

160 2198 336 2240 breviari
379 2199 520 2241 eadem
558 2201 715 2243 ratione
751 2215 831 2256 qua
866 2202 910 2242 in
939 2201 1031 2242 aliis
1062 2214 1221 2255 quoque
1251 2202 1372 2243 rebus
1402 2201 1544 2255 lingua
1572 2216 1660 2257 pro·
1705 2252 1708 2255 ῃ

160 2267 283 2310 cessit
312 2268 550 2323 asperitates
579 2270 801 2312 formarum
831 2270 1064 2313 removendi
1093 2270 1281 2326 inprimis
1303 2270 1500 2322 studiosa,
1531 2284 1660 2325 usque

159 2334 256 2377 dum
308 2335 514 2378 Ciceronis
564 2342 696 2380 aetate
745 2339 796 2380 ad
827 2352 1027 2381 summam
1058 2344 1313 2381 venustatem
1344 2344 1384 2381 et
1414 2339 1659 2394 elegantiam

159 2409 299 2446 evecta
328 2410 403 2447 est.
454 2405 596 2460 Neque
627 2407 679 2448 ad
710 2408 981 2463 corripiendas
1011 2408 1171 2450 vocales
1192 2413 1334 2450 natura
1354 2408 1496 2463 longas
1517 2423 1659 2465 parum

159 2471 338 2514 valuisse
368 2474 703 2517 consuetudinem
734 2481 945 2532 poetarum
974 2477 1096 2518 metri
1125 2477 1354 2520 rationibus
1384 2482 1428 2519 ut
1448 2477 1509 2519 cui
1536 2477 1658 2518 inter-

158 2540 256 2582 dum
285 2540 407 2582 nimis
436 2541 576 2598 inepta
606 2549 712 2586 esset
741 2545 993 2601 syllabarum
1024 2545 1231 2600 longarum
1264 2546 1530 2596 coacervatio,
1572 2560 1658 2601 per—

159 2622 279 2666 saepe
309 2608 608 2664 indulgentium
640 2614 901 2656 manifestum
933 2619 995 2657 est
1024 2618 1259 2669 constatque
1290 2615 1395 2656 inter
1424 2628 1575 2656 omnes,

270 2677 364 2720 Jam
401 2679 510 2732 quod
545 2683 808 2736 exposuimus
845 2683 1021 2725 maxime
1051 2684 1229 2726 cernitur
1258 2685 1301 2726 in
1330 2684 1527 2738 genetivis
1557 2683 1656 2738 sing.

88 2789 92 2793 .
156 2747 439 2804 pronominum
477 2748 767 2794 adjectivorum
805 2752 946 2794 in-z'us
981 2752 1240 2804 cadentibus,
1279 2767 1449 2807 quorum.
1491 2752 1658 2808 paenul-

156 2816 298 2860 timam
327 2830 416 2858 cum
437 2816 592 2870 origine
620 2819 678 2860 sit
698 2820 905 2875 producta,
936 2835 1025 2862 cum
1047 2822 1192 2863 ceteris
1211 2821 1395 2862 Catullus
1417 2821 1658 2876 plerumque
