1923 3104
246 214 448 269 mugienti
487 215 652 257 fremitu
689 215 778 258 loca
806 219 1006 259 retonent.
1056 216 1274 261 Codicibus
1302 229 1398 261 mss
1428 218 1499 273 qui
1529 219 1664 265 tribus
1685 219 1789 277 1ιίΒῖ

253 284 355 326 locis
385 284 475 326 sine
505 284 739 340 exceptione
770 285 815 326 in
845 285 1033 328 breviore
1062 286 1193 328 forma
1213 287 1447 342 conspirant
1465 288 1624 332 nullam
1644 292 1788 347 prori-

247 367 317 395 sus
367 353 489 395 fidem
535 366 623 395 esse
671 353 827 395 dudum
875 354 1166 397 intellexerunt
1210 355 1464 411 interpretes,
1542 357 1622 400 Sed
1674 356 1786 402 alioJ

246 422 333 464 loco
363 422 448 473 LV,
477 423 530 464 10
567 435 668 463 num
698 424 843 464 reduce
887 422 997 476 quod
1026 423 1215 465 Handius
1259 424 1360 466 duce
1391 424 1550 467 Datano
1589 426 1789 485 coniecit]

248 504 301 531 an
331 492 455 532 reduc
498 490 608 543 quod
639 490 878 533 Schwabius
924 491 1211 546 plerorumque
1252 492 1448 535 librorum
1478 489 1786 536 auctoritatem?

250 564 410 601 secutus
460 558 683 614 impressit,
725 558 890 600 Catullo
940 559 1191 601 reddendum
1231 574 1283 602 an
1332 561 1452 617 plane
1491 561 1611 604 aliter
1647 561 1786 619 locus·

248 628 461 683 fingendus
491 628 546 670 sit
576 633 622 669 ut
652 641 733 669 non
762 628 891 669 nullis
923 628 1060 670 visum
1090 634 1165 679 est,
1196 635 1364 685 propter
1393 631 1587 672 miserum
1619 644 1760 672 versus

250 697 438 739 habitum
469 711 543 753 pro
574 701 679 738 certo
711 696 907 738 constitui
928 696 1081 752 nequit.
1116 722 1167 727 —
1200 696 1260 738 De
1290 697 1357 739 his
1386 698 1638 755 imperativis
1667 697 1786 742 vide·

249 767 373 808 etiam
410 766 655 807 Corssenum
686 765 726 806 II
758 780 798 821 p.
821 766 918 809 602.
989 765 1185 821 Superest
1226 770 1362 808 autem
1400 768 1531 810 forma
1560 767 1759 822 quaedam
1816 755 1817 758 Ἴ

249 834 485 890 imperativi
517 848 640 888 quam
672 833 859 875 Catullus
890 834 1047 889 primus
1069 833 1149 876 sibi
1171 835 1418 877 concessisse
1438 836 1649 892 reperitur.
1695 836 1761 888 Ad

250 903 482 957 analogiam
532 903 640 945 enim
690 902 858 945 illorum
908 903 1245 959 imperativorum
1291 917 1394 958 quos
1431 905 1515 947 nisi
1559 910 1763 962 correptos

253 972 475 1026 elegantior
507 978 619 1013 aetas
649 985 729 1012 non
760 971 1054 1026 comprobavit,
1086 972 1212 1014 semel
1243 973 1394 1014 formae
1414 977 1530 1026 inyer
1549 973 1758 1016 licentiam

250 1041 439 1084 adhibuit
468 1040 590 1083 metri
620 1040 703 1082 nisi
734 1040 852 1082 fallor
880 1040 1123 1082 necessitate
1149 1040 1284 1082 victus
1305 1041 1349 1082 in
1370 1055 1491 1085 carm.
1515 1041 1684 1094 XXVII,
1715 1043 1761 1099 2:

252 1110 380 1164 ,inger
400 1110 460 1150 mi
482 1109 626 1150 calices
657 1109 907 1150 amariores‘.
951 1108 1019 1150 Sic
1048 1113 1155 1150 recte
1187 1109 1338 1151 habent
1367 1110 1524 1152 codices
1546 1110 1669 1152 Gellii
1688 1110 1763 1162 VI,

253 1179 322 1228 20,
355 1179 381 1219 6
412 1183 454 1219 et
481 1177 620 1232 glossa
649 1177 865 1219 Philoxeni
896 1176 1004 1232 apud
1030 1177 1264 1219 Labbaeum
1293 1193 1333 1233 p.
1356 1179 1430 1222 93¹>
1453 1184 1495 1221 et
1515 1179 1633 1231 228⁸,
1664 1179 1764 1222 libri
1810 1168 1814 1170 “
1845 1212 1849 1216 .
1877 1170 1883 1175 “
1910 1170 1923 1227 ’2

252 1246 479 1289 Catulliani
509 1246 618 1288 male
648 1250 793 1299 inyere.
854 1246 953 1288 Post
982 1250 1144 1301 poetam
1174 1246 1447 1288 Veronensem
1478 1247 1665 1290 similiter
1693 1247 1765 1303 qui
1885 1236 1921 1271 7³·

254 1315 406 1356 dixerit
445 1315 552 1355 inter
592 1314 812 1368 dactylicos
849 1314 958 1355 solus
1004 1313 1210 1356 invenitur
1239 1314 1442 1357 Martialis
1473 1316 1583 1368 VIII,
1614 1317 1684 1368 44,
1716 1316 1762 1357 9:

252 1397 362 1440 rape,
383 1397 540 1437 conger,
562 1383 690 1434 aufer,
706 1381 887 1438 posside:
913 1382 1226 1438 relinquendum
1248 1387 1321 1427 est.
1339 1383 1388 1427 cf.
1404 1384 1449 1426 L.
1469 1383 1693 1427 Muellerus
1713 1383 1765 1427 de
1800 1414 1803 1415 ν

253 1467 297 1495 re
327 1458 445 1496 metr.
469 1467 508 1508 p.
530 1453 629 1495 401.
680 1451 821 1494 Priore
850 1451 976 1507 igitur
1006 1452 1256 1505 quaestionis
1286 1457 1402 1508 parte
1439 1453 1629 1497 absoluta
1658 1467 1766 1496 nunc

252 1521 420 1577 quidem
448 1521 501 1563 ad
531 1521 698 1563 alteram
728 1525 985 1563 transeamus
1015 1534 1095 1575 qua

369 1595 411 1645 β.
454 1590 504 1632 de
545 1590 767 1632 verborum
795 1589 1052 1643 quorundam
1083 1589 1340 1631 fluctuatione
1369 1591 1412 1632 in
1442 1590 1675 1634 declinandi
1703 1605 1764 1633 ra-

256 1659 440 1700 tionibus
462 1659 604 1712 agitur.
647 1659 735 1708 Quo
757 1658 799 1698 in
820 1671 966 1710 genere
989 1657 1141 1699 Catulli
1169 1658 1502 1700 consuetudinem
1524 1664 1569 1701 ut
1589 1659 1766 1703 breviter
1880 1646 1923 1711 ζὲῖ

255 1727 586 1783 complectamur,
618 1726 696 1768 etsi
726 1726 900 1782 paucula
929 1726 1067 1767 minus
1096 1725 1264 1768 classica
1283 1731 1329 1768 ut
1348 1727 1405 1769 ita
1433 1727 1566 1769 dicam
1585 1727 1765 1781 admisit,

254 1797 292 1838 si
331 1810 423 1838 cum
464 1795 771 1850 perfectissimis
810 1794 946 1850 poesis
990 1794 1224 1836 auctoribus
1266 1794 1417 1837 saeculi
1455 1796 1635 1850 Augusti
1672 1810 1765 1838 eum

255 1863 570 1920 comparaveris,
598 1868 734 1905 tamen
765 1863 905 1905 eadem
927 1867 969 1905 et
989 1867 1173 1904 veterum
1194 1877 1273 1905 usu
1288 1863 1440 1905 tradita
1460 1869 1576 1906 erant
1595 1864 1767 1920 ideoque
1793 1894 1797 1895 ν
1838 1852 1858 1865 ’-

255 1946 517 1988 nequaquam
557 1932 706 1974 vitiosa
737 1937 778 1974 et
806 1932 937 1988 ipsius
968 1936 1101 1973 aetate
1132 1931 1314 1973 nondum
1344 1932 1466 1988 plane
1497 1933 1691 1986 obsoleta,
1722 1933 1766 1976 id

257 2001 366 2057 quod
412 2016 463 2044 ex
508 2005 622 2057 parte
666 2000 916 2043 demonstrat
956 2000 1226 2056 posteriorum
1268 2015 1380 2043 usus
1442 2001 1491 2042 In
1530 2002 1765 2046 universum

257 2076 395 2112 autem
426 2070 613 2124 sequitur
642 2069 718 2110 hac
748 2083 908 2124 quoque
938 2070 979 2109 in
1011 2083 1055 2110 re
1085 2083 1340 2111 communem
1377 2069 1539 2111 dicendi
1567 2084 1767 2124 normam,

256 2143 304 2180 ut
322 2137 536 2192 intelleges
557 2152 606 2179 ex
627 2138 678 2180 iis
700 2152 804 2192 quae
827 2138 910 2179 iam
939 2138 981 2179 in
1010 2136 1193 2179 medium
1223 2137 1486 2193 proferemus.
1518 2138 1594 2180 Illa
1620 2152 1768 2196 nempe
1859 2181 1864 2193 ζ

259 2207 468 2249 fluctuatio
497 2220 571 2262 per
599 2220 741 2249 omnes
770 2206 1077 2260 coniugationes
1107 2203 1232 2261 aeque
1263 2206 1502 2262 pervulgata
1531 2211 1571 2249 et
1588 2206 1656 2249 vel
1677 2220 1766 2249 eam
1830 2239 1831 2242 η
1856 2223 1863 2230 ⁴

259 2276 311 2318 ob
342 2289 505 2317 causam
537 2275 696 2328 antiqui
726 2275 924 2317 sermonis
953 2274 1156 2316 uberioris
1185 2274 1356 2317 formam
1386 2289 1432 2317 ac
1462 2275 1640 2330 speciem
1669 2289 1767 2330 prae
1823 2289 1827 2292 ⁴

258 2358 302 2386 se
342 2356 486 2399 gerens
523 2342 633 2399 apud
664 2342 873 2385 Catullum
918 2342 962 2384 in
1005 2346 1192 2397 quattuor
1229 2342 1395 2385 omnino
1435 2342 1572 2385 verbis
1601 2339 1809 2400 apparet,
1850 2353 1864 2400 „j

257 2413 395 2467 qualia
425 2417 523 2454 sunt
552 2414 686 2453 lavare
712 2412 878 2465 fulyere
907 2414 1098 2465 deponere
1119 2415 1265 2465 potiri,
1296 2416 1344 2453 ut
1373 2411 1555 2454 ordinem
1584 2416 1771 2456 tueamur

257 2480 464 2524 vocalium
493 2479 821 2536 copulativarum
853 2479 1004 2534 quibus
1034 2479 1215 2534 singulae
1246 2479 1548 2533 coniugationes
1577 2479 1768 2536 deinceps
1800 2498 1802 2500 ’
1829 2466 1865 2536 'ff-'3

256 2551 363 2592 inter
394 2563 438 2591 se
470 2548 786 2602 distinguantur.
1782 2549 1800 2555 ”

372 2616 554 2658 Verbum
599 2616 725 2670 igitur
769 2617 932 2658 lavandi
973 2616 1081 2671 quod
1118 2621 1298 2672 tempore
1336 2617 1516 2659 florentis
1552 2616 1768 2660 latinitatis

259 2686 485 2742 perfectum
529 2691 689 2727 tantum
725 2684 846 2728 modo
877 2689 1001 2739 atque
1037 2685 1230 2741 supinum
1269 2699 1361 2727 cum
1390 2684 1645 2742 temporibus
1673 2684 1784 2728 inde·

259 2754 453 2798 derivatis
491 2758 650 2796 constat
684 2767 709 2795 a
744 2754 866 2796 tertia
902 2754 1183 2808 coniugatione
1214 2754 1410 2804 mutuari,
1462 2753 1645 2797 eiusdem
1690 2742 1795 2812 teres

256 2823 503 2866 minationes
535 2821 600 2864 vel
631 2822 675 2864 in
705 2822 911 2878 praesenti
940 2827 1125 2879 tempore
1156 2822 1237 2866 sibi
1268 2821 1495 2866 vindicavit
1514 2821 1640 2865 semel
1659 2816 1793 2880 apujss
