1923 3104
864 98 919 142 28

137 223 204 278 (cf.
244 223 359 266 Neue
390 224 409 266 I
451 239 489 280 p.
531 224 632 276 691)
662 225 848 279 quamvis
887 225 961 267 hoc
996 226 1133 267 minus
1160 239 1363 280 premam,
1413 226 1448 269 si
1479 227 1659 282 quidem'

136 293 302 349 saepius
332 293 520 335 Catullus
550 306 575 334 a
604 293 808 335 communi
841 307 916 335 usu
948 294 1127 337 recessit.
1177 295 1233 336 At
1253 293 1360 349 quod
1386 295 1523 349 magni
1543 304 1641 342 sane
1691 290 1694 292 ’

138 362 335 405 momenti
365 367 447 414 est,
477 361 529 404 ad
559 362 694 404 locum
724 361 928 417 quendam
960 377 1128 419 provoco
1162 361 1358 405 Martialis
1388 362 1470 406 fere
1500 363 1642 408 eadem

136 431 291 473 ratione
312 430 619 482 conformatum,
650 431 783 485 qualis
813 431 960 486 legitur
989 431 1104 483 VIII,
1128 433 1195 484 72,
1217 433 1265 474 2:
1298 446 1447 484 ‚morsu
1467 433 1643 489 pumicis

136 499 241 542 aridi
292 500 472 556 politus.‘
550 500 591 542 Is
633 500 759 554 igitur
798 513 880 542 non
910 500 1043 542 solum
1074 500 1193 556 plura
1223 514 1412 543 versuum
1440 515 1588 556 genera
1617 515 1642 543 a

136 569 299 611 Catullo
329 568 572 624 desumpsit,
603 568 674 611 sed
705 568 908 611 interdum
937 569 1061 611 etiam
1090 568 1313 611 dictionem
1334 570 1421 612 eius
1442 569 1642 611 imitando

136 637 345 694 expressit.

253 707 340 748 Iam
371 707 574 762 agendum
605 708 724 749 nobis
756 713 818 750 est

252 777 316 820 11.
366 774 427 818 De
457 776 627 819 flexione
658 776 954 833 pronominum,
982 790 1085 832 quae
1114 777 1282 834 perinde
1312 791 1359 820 ac
1388 777 1644 820 substantiva

134 845 284 886 multas
332 853 546 887 servarunt
594 846 742 888 veteris
786 846 1036 888 formationis
1081 846 1290 901 reliquias.
1352 846 1473 888 Cadit
1503 849 1639 888 autem

135 914 209 955 hoc
247 928 340 955 cum
379 914 423 955 in
460 914 542 956 alia
582 915 820 970 pronomina
860 919 947 956 tum
982 915 1198 971 praecipue
1234 915 1275 956 in
1307 914 1411 956 illud
1441 914 1551 969 quod
1581 920 1645 957 est

136 983 271 1034 alius,
315 983 429 1024 cuius
468 982 631 1038 quidem
662 983 855 1038 gignendi
880 983 1086 1038 dandique
1116 997 1233 1025 casus
1262 988 1444 1039 tempore
1474 983 1642 1038 antiquo

138 1051 343 1107 duplicem
363 1051 552 1094 flectendi
574 1052 772 1094 rationem
792 1052 1069 1107 sequebantur
1090 1056 1131 1095 et
1147 1052 1196 1094 Ο-
1217 1057 1257 1094 et
1278 1052 1642 1104 I-declinationem,

135 1134 228 1162 cum
274 1133 408 1163 sermo
457 1125 646 1176 posterus
681 1120 921 1163 alterutrius
963 1121 1270 1163 terminationes
1308 1120 1514 1175 legitimas
1554 1134 1643 1162 esse

138 1189 416 1232 constitueret.
477 1190 528 1232 Et
572 1189 622 1231 de
668 1189 798 1246 priore
840 1190 1004 1245 quidem
1048 1204 1191 1245 genere
1236 1190 1308 1232 ubi
1349 1190 1561 1244 genetivus
1605 1194 1645 1232 et

135 1258 303 1301 dativus
343 1259 493 1301 formas
529 1258 716 1315 stirpium
752 1259 864 1301 ἰπὶ-Ο
901 1259 1131 1302 exeuntium
1164 1258 1243 1301 sibi
1273 1258 1500 1311 asciscunt,
1542 1259 1644 1302 mihi

134 1332 266 1369 tacere
297 1328 393 1370 licet
422 1328 584 1382 quando
606 1328 796 1369 Catullus
826 1328 950 1370 huius
972 1328 1082 1370 modi
1103 1329 1292 1384 exempla
1312 1342 1392 1370 non
1413 1329 1641 1386 praebet1).

136 1397 287 1438 Contra
323 1410 403 1438 non
442 1396 675 1452 repudiavit
715 1398 778 1439 bis
819 1397 976 1452 priscae
1006 1398 1169 1452 linguae
1199 1396 1438 1439 memoriam
1468 1395 1642 1439 redinte-

134 1479 249 1520 grare
297 1466 431 1507 altera
474 1465 660 1507 eiusdem
702 1466 953 1520 pronominis
998 1478 1070 1520 per
1110 1468 1129 1505 z·
1157 1466 1394 1508 formatione
1424 1465 1526 1507 locis
1557 1465 1641 1507 his:

135 1534 408 1577 masculinum
447 1535 526 1575 alis
567 1533 673 1575 dixit
711 1533 861 1586 LXVI,
902 1535 955 1576 28
987 1534 1244 1589 „coniugium
1275 1547 1356 1589 quo
1386 1547 1466 1575 non
1497 1533 1644 1576 fortius

135 1603 245 1645 ausit
280 1603 386 1645 alis“
431 1607 622 1645 neutrum
661 1604 748 1643 alid
776 1602 995 1655 XXVIIII,
1037 1605 1088 1645 15
1119 1603 1244 1659 „quid
1275 1607 1337 1644 est
1365 1602 1450 1644 alid
1481 1602 1646 1644 sinistra

132 1672 363 1715 liberalitas
374 1671 418 1714 ?“
479 1671 607 1714 Multo
654 1672 819 1728 saepius
855 1672 929 1714 hac
962 1672 1134 1714 flexione
1173 1673 1299 1714 utitur
1328 1671 1544 1715 Lucretius
1575 1684 1643 1727 po-

131 1741 339 1784 tissimum
377 1742 420 1784 in
457 1741 577 1783 certis
617 1740 863 1795 quibusdam
893 1743 1113 1784 verborum
1150 1741 1357 1793 formulis,
1409 1754 1490 1796 qua
1519 1739 1569 1781 de
1598 1753 1643 1781 re

132 1810 228 1852 vide
259 1810 437 1853 Kuehnii
469 1811 628 1861 Quaest.
658 1810 776 1851 Lucr.
814 1824 851 1865 p.
893 1810 957 1851 15.
1019 1810 1205 1852 Ceterum
1237 1809 1288 1852 de
1317 1809 1489 1866 pristina
1517 1808 1642 1850 huius

132 1879 386 1934 pronominis
435 1878 570 1934 specie
620 1878 929 1933 disputaverunt
970 1878 1217 1920 Ritschelius
1265 1879 1305 1920 in
1350 1882 1644 1934 programmate

131 1946 211 1997 „de
240 1947 513 1990 declinatione
543 1946 719 2001 quadam
748 1946 876 1988 latina
904 1947 1196 1989 reconditiore“
1217 1947 1382 1989 Bonnae
1406 1947 1511 1990 1861
1536 1945 1644 1987 edita
1766 1977 1768 1979 -
1811 1944 1893 2013 “fg

132 2020 174 2058 et
203 2016 427 2058 Corssenus
467 2018 598 2071 symb.
632 2015 717 2057 crit.
750 2030 789 2071 p.
822 2015 905 2059 298
936 2029 994 2070 sq.
1055 2017 1237 2066 Quorum
1266 2015 1341 2057 ille
1371 2014 1533 2070 quidem
1566 2015 1645 2055 alis
1794 2023 1879 2081 β’

132 2098 181 2126 ex
216 2086 329 2126 alius
358 2088 609 2126 contractum
640 2098 729 2126 esse
759 2084 1006 2139 suspicatur,
1047 2084 1193 2126 rectius
1221 2084 1287 2125 hic
1317 2084 1353 2125 si
1382 2082 1480 2139 quid
1511 2082 1643 2133 video,
1854 2091 1884 2123 a

131 2153 247 2195 docet
293 2153 445 2194 formas
486 2154 565 2194 alis
607 2157 648 2194 et
688 2153 775 2193 alid
813 2153 968 2208 priscas
1009 2166 1098 2194 esse
1140 2157 1181 2194 et
1222 2152 1418 2206 genuinas
1464 2150 1644 2205 indeque

133 2225 276 2276 postea
304 2219 471 2262 demum
501 2221 613 2262 alius
643 2224 685 2261 et
712 2221 833 2262 aliud
860 2221 1043 2262 extitisse
1075 2221 1220 2262 suffixo
1247 2224 1287 2262 io
1319 2220 1491 2261 adiecto.

249 2290 358 2332 Inter
388 2289 629 2346 pronomina
658 2288 831 2344 quodam
862 2289 982 2331 modo
1015 2288 1155 2331 referri
1186 2288 1306 2331 etiam
1337 2293 1472 2345 potest
1498 2286 1645 2329 vocula

130 2373 243 2401 unus
279 2359 321 2400 in
357 2371 439 2413 qua
474 2357 664 2400 similiter
699 2362 918 2413 supersunt
958 2358 1112 2414 priscae
1144 2356 1428 2399 declinationis
1455 2355 1641 2410 vestigia.

130 2427 296 2470 Etenim
345 2427 602 2482 genetivum,
654 2426 769 2468 cuius
812 2427 940 2468 forma
978 2427 1120 2469 in-ius
1149 2426 1340 2468 desinens
1369 2439 1553 2481 sermone
1583 2438 1644 2466 se-

130 2496 344 2551 quentium
374 2500 603 2552 temporum
633 2495 818 2537 stabilita
847 2500 923 2547 est,
955 2509 1034 2537 non
1067 2509 1276 2550 nunquam
1299 2499 1458 2537 veteres
1479 2507 1528 2535 ex
1549 2506 1643 2534 ana-

130 2565 239 2620 logia
255 2564 511 2620 quorundam
531 2564 705 2607 aliorum
720 2563 934 2606 nominum
950 2578 1054 2619 quae
1073 2564 1211 2606 videas
1227 2562 1338 2620 apud
1352 2563 1386 2605 N
1391 2562 1529 2605 evium
1544 2561 1570 2604 1.
1588 2575 1642 2613 n.,

129 2634 227 2675 item
265 2633 506 2687 regulariter
542 2648 612 2689 per
648 2637 667 2673 z·
706 2637 1009 2688 expresserunt.
1071 2633 1138 2674 Sic
1175 2635 1254 2674 uni
1287 2636 1349 2673 est
1378 2630 1485 2686 apud
1517 2629 1642 2672 Titin.

222 2794 251 2840 1)
276 2797 377 2842 Apud
403 2799 519 2841 poetas
545 2797 675 2841 priores
708 2798 809 2840 atque
834 2796 1029 2830 Lucretium
1060 2806 1147 2840 quae
1181 2795 1308 2839 passim
1333 2793 1496 2837 leguntur
1519 2790 1634 2826 omnia

128 2855 341 2900 conquisivit
365 2855 461 2890 Neue
485 2854 514 2889 11
541 2864 574 2899 p.
603 2853 667 2890 157
692 2863 742 2899 sq.
