1923 3104
918 92 974 137 59

202 228 340 264 autem
383 235 513 275 canae*
540 220 689 276 Tethyi
735 220 937 263 restituit‘.
996 219 1078 262 Sed
1119 219 1162 261 in
1203 218 1342 274 priore
1379 229 1496 259 versu
1527 216 1612 270 qui,
1653 229 1704 258 ne

201 289 387 332 incuriae
415 303 481 332 me
500 290 596 344 quis
616 293 770 342 arguat,
800 288 1001 330 curiosius
1026 287 1258 330 tractandus
1278 290 1361 336 eet,
1391 285 1513 328 libris
1533 284 1703 326 sinceris

204 359 391 402 Minoida
420 359 614 409 traditur,
651 357 759 412 quod
795 358 832 399 si
860 357 983 400 totius
1023 355 1217 398 orationis
1246 359 1491 398 structuram
1520 352 1704 409 respicis,

176 441 252 471 ,ex
292 428 380 483 lege
420 427 682 482 grammatica
712 432 817 468 stare
856 426 1008 479 nequit.
1069 424 1212 467 Itidem
1242 424 1419 466 virorum
1450 421 1704 477 quorundam

202 502 371 540 conatus
410 496 490 538 loci
528 495 771 536 emendandi
810 495 897 536 sive
936 495 1067 549 ipsam
1097 507 1237 535 vocem
1266 506 1389 547 prave
1420 490 1703 546 corrigentium

202 566 289 608 sive
331 564 577 607 sententiam
616 562 829 605 relativam
862 562 983 618 plane
1016 562 1132 604 aliter
1174 560 1447 610 fomantium,
1490 573 1611 613 quem
1653 557 1705 599 ad

201 634 368 676 modum
420 632 576 688 placuit
624 631 824 673 Dorvillio
866 631 917 671 ad
954 631 1158 672 Chariton.
1195 645 1234 685 p.
1273 630 1356 672 ‘263
1398 634 1492 683 post
1531 640 1705 680 eumque

201 701 376 756 Bergkio
407 700 466 742 ita
495 699 670 743 scribere
698 699 932 742 iubentibus
964 698 1087 753 ,quali
1106 698 1287 741 Minoida
1305 698 1446 749 luctu‘‚
1475 696 1528 739 ad
1546 695 1704 738 irritum

201 770 310 825 quod
352 782 424 824 ego
453 769 695 824 perspiciam
737 767 980 809 ceciderunt.
1054 767 1202 809 Omnes
1242 766 1396 808 scilicet
1434 766 1621 807 laborant
1657 777 1704 805 eo

201 839 309 893 quod
350 838 416 880 vel
461 837 705 879 consuetudo
745 842 887 891 poetae
925 837 1046 877 nimis
1087 836 1307 890 negligitur
1351 835 1414 876 vel
1457 833 1704 876 concinnitas
1769 863 1771 865 .

201 907 402 950 sermonis
423 920 546 961 quam
566 920 616 948 ne
642 905 779 947 laedas
801 905 1029 947 membrum
1061 904 1234 947 alterum
1256 904 1517 947 vehementer
1536 902 1703 966 flagitat,

199 989 366 1031 prorsus
396 976 607 1017 evertitur.
649 975 793 1027 Itaque
824 974 926 1015 nihil
959 987 1055 1015 sane
1083 975 1307 1027 elegantius
1329 979 1391 1015 est
1415 972 1522 1026 quod
1543 976 1703 1027 poetam

200 1044 314 1086 decet
353 1043 542 1098 idemque
584 1042 809 1098 simplicius
852 1055 972 1096 quam
1024 1042 1227 1097 vulgatam
1268 1042 1439 1084 retinere
1488 1040 1704 1083 lectionem

200 1114 397 1162 Minoidi,
430 1112 546 1153 velut
565 1112 694 1152 altero
716 1111 898 1152 Catullus
927 1112 1014 1152 loco
1037 1112 1282 1152 Graecorum
1302 1125 1414 1152 more
1438 1112 1580 1163 Thetyi
1598 1109 1705 1150 dixit

198 1181 347 1223 litteris
378 1181 478 1222 satis
508 1180 745 1235 perspicuis.
805 1180 972 1221 Accedit
1002 1180 1112 1234 quod
1140 1180 1259 1236 plane
1290 1180 1430 1222 eodem
1460 1178 1580 1220 modo
1611 1177 1703 1219 ulti-

197 1263 308 1291 mam
354 1249 509 1291 Statius
552 1248 748 1303 corripuit
787 1250 830 1289 in
875 1249 1012 1289 Iasoni
1056 1249 1182 1291 Theb.
1214 1249 1294 1298 III,
1336 1249 1418 1292 521
1463 1253 1504 1289 et
1543 1246 1704 1288 Palladi

199 1316 351 1359 Achill.
372 1317 404 1368 Ι,
436 1317 531 1360 285.
591 1316 782 1358 Ceterum
823 1317 872 1358 de
917 1317 992 1358 hac
1027 1331 1069 1359 re
1106 1316 1228 1372 digna
1264 1320 1359 1358 sunt
1389 1329 1492 1370 quae
1521 1315 1705 1369 legantur

198 1387 330 1428 verba
380 1386 425 1427 L.
457 1385 644 1426 Muelleri
688 1400 727 1440 p.
760 1385 844 1427 392
889 1391 928 1426 et
970 1385 1023 1428 M.
1054 1386 1227 1441 Hauptii
1269 1390 1345 1427 act.
1386 1389 1552 1427 menstr.
1597 1383 1703 1425 acad.

197 1454 377 1498 Berolin.
413 1455 519 1497 1861
552 1469 590 1510 p.
624 1455 728 1496 1077
764 1458 803 1496 et
831 1454 914 1497 ind.
946 1454 1038 1496 lect.
1069 1454 1219 1497 Berlin.
1251 1455 1395 1498 aestiv.
1435 1454 1538 1497 1855
1569 1468 1607 1510 p.
1639 1453 1703 1494 12.

196 1524 317 1566 Nevii
348 1524 365 1565 I
398 1539 437 1579 p.
470 1524 568 1567 309.
627 1523 685 1564 Ex
731 1523 819 1564 illis
864 1537 961 1565 vero
1004 1537 1107 1577 quae
1137 1538 1161 1564 a
1191 1524 1354 1565 Graecis
1396 1528 1517 1579 poeta
1547 1523 1703 1573 ascivit,

200 1598 357 1635 certum
398 1606 479 1633 non
515 1592 632 1646 plane
670 1592 783 1633 deest
824 1606 972 1634 nomen
1016 1593 1059 1633 in
1098 1606 1175 1646 quo
1212 1593 1501 1648 proprietatem
1542 1592 1704 1645 linguae

197 1661 361 1703 Latinae
406 1660 551 1701 maluit
595 1660 712 1713 sequi
754 1660 874 1714 quale
918 1666 980 1702 est
1031 1662 1191 1702 Thetidi
1226 1661 1391 1713 LXIIII,
1429 1662 1480 1703 21
1524 1666 1565 1702 et
1601 1660 1703 1710 336;

197 1730 371 1772 alterum
403 1730 512 1772 enim
543 1731 651 1782 quod
671 1729 721 1770 ab
744 1730 903 1771 homine
930 1729 1102 1783 quodam
1126 1730 1242 1772 docto
1263 1730 1373 1785 apud
1395 1729 1704 1772 Valckenarium

196 1799 411 1841 inventum
451 1797 550 1840 olim
590 1797 708 1852 vulgo
740 1798 947 1853 legebatur
976 1798 1198 1854 Lycaonidi
1227 1799 1370 1852 LXVI,
1402 1800 1456 1840 66
1487 1798 1537 1841 de
1567 1798 1702 1840 causis

196 1880 297 1922 quas
329 1881 452 1923 supra
480 1867 750 1908 indicavimus
781 1867 1045 1922 improbabile
1077 1872 1151 1910 est.

309 1936 398 1978 Iam
417 1936 513 1978 hinc
534 1935 585 1977 ad
606 1936 819 1994 nominum
840 1936 1134 1990 verborumque
1161 1936 1311 1978 formas
1332 1937 1402 1978 in·
1415 1952 1436 1978 o
1468 1936 1702 1978 desinentes

195 2005 407 2061 proximus
438 2005 481 2046 fit
501 2005 705 2047 transitus.
738 2007 915 2055 Quarum
937 2019 1028 2046 cum
1050 2010 1208 2046 constet
1227 2006 1402 2060 priscam
1425 2010 1465 2046 et
1485 2006 1702 2060 genuinam

195 2073 464 2128 quantitatem
505 2073 609 2115 hanc
647 2086 736 2115 esse
768 2077 811 2115 ut
840 2072 1082 2129 producatur
1110 2073 1273 2128 syllaba
1302 2074 1448 2125 finalis,
1487 2073 1703 2129 paullatim

195 2154 279 2183 non
309 2146 392 2183 tam
435 2142 660 2195 eloquendo
697 2154 819 2195 quam
859 2141 1069 2183 scribendo
1107 2141 1258 2182 vocalis
1298 2142 1450 2196 origine
1481 2155 1556 2183 sua
1585 2142 1705 2196 longa

196 2213 406 2253 attenuata
442 2214 504 2251 est
540 2211 716 2252 maxime
758 2211 799 2251 in
831 2210 1038 2252 vocabulis
1074 2210 1201 2251 iambi
1231 2210 1347 2266 pedis
1379 2224 1570 2253 mensura
1599 2225 1711 2253 com-.

195 2278 418 2335 prehensis,
449 2292 552 2332 quae
582 2279 719 2320 omnia
750 2286 794 2320 ut
823 2280 880 2320 ait
908 2278 1155 2321 Ritschelius
1186 2279 1312 2321 Proll.
1333 2278 1440 2322 Trin.
1471 2294 1509 2335 p.
1543 2280 1705 2322 CLXVI

196 2349 307 2390 vitae
351 2347 600 2389 consuetudo
642 2361 762 2400 passa
791 2353 853 2389 est
892 2349 1007 2390 brevi
1043 2352 1223 2389 extrema
1252 2345 1520 2403 pronuntiarf.
1579 2349 1703 2402 Atqui

196 2417 264 2459 vel
293 2417 335 2458 in
367 2415 635 2458 iambicarum
656 2430 813 2469 ‘vocum
834 2416 1083 2472 correptione
1114 2430 1194 2471 qua
1223 2416 1464 2473 saepissime
1483 2418 1703 2459 utebantur

161 2507 164 2509 “
197 2491 353 2528 veteres
383 2490 539 2540 poetae,
571 2485 681 2526 cauti
711 2485 931 2527 admodum
962 2486 1126 2527 fuerunt
1155 2485 1450 2541 dactylicorum
1480 2487 1562 2527 fere
1592 2487 1701 2542 prin-

198 2552 306 2608 cipes
336 2551 516 2595 Lucilius
554 2553 763 2596 Lucretius
810 2568 883 2596 nec
928 2567 1008 2596 non
1039 2554 1241 2607 Catullus,
1286 2554 1344 2597 ita
1382 2560 1518 2597 tamen
1553 2558 1599 2596 ut
1635 2554 1702 2596 hic

198 2621 337 2676 paullo
383 2621 477 2676 plus
518 2623 559 2663 in
598 2637 646 2663 ea
682 2637 724 2663 re
769 2623 849 2664 sibi
879 2624 1142 2678 permitteret.
1202 2623 1341 2664 Nihilo
1370 2624 1500 2665 secius
1530 2638 1580 2665 ex
1610 2625 1702 2665 sub-

199 2689 471 2732 stantivorum
492 2705 661 2734 numero
684 2692 812 2734 solam
832 2694 1003 2734 hominis
1023 2706 1163 2734 vocem
1185 2692 1333 2734 ultima
1354 2696 1533 2747 correpta
1553 2692 1703 2735 extulit

200 2759 359 2801 duobus
397 2759 496 2801 locis
526 2759 699 2811 XXIIII,
732 2762 755 2801 7
788 2766 829 2802 et
860 2761 981 2812 CXV,
1005 2760 1041 2803 8.
1086 2760 1283 2803 Produxit
1314 2761 1483 2802 eandem
1513 2760 1589 2802 sub
1620 2761 1703 2803 ictu

197 2826 331 2879 XVII,
365 2828 429 2870 12.
476 2828 656 2879 LXXXI,
689 2832 725 2872 2.
773 2830 1041 2880 LXXXXIII,
1074 2832 1112 2872 2.
1160 2830 1287 2881 CXII,
1324 2835 1338 2872 l
1383 2835 1422 2871 et
1460 2830 1503 2871 in
1532 2829 1701 2873 elisione
