1923 3104
0 425 50 541 ἓ

0 522 50 582 kz...

0 586 60 639 Ξῖ.
87 597 105 605 “’

277 1 360 29 *anst-
392 0 473 24 ‘fflw-
493 0 583 17 ’χχι-μ.
630 0 642 8 2—
664 9 667 12 ⁴
703 9 706 13 .

919 102 970 144 61

197 229 482 279 Lachmannus
511 244 631 287 quem
661 228 909 282 Bernaysius
938 232 1099 272 secutus
1130 231 1213 279 est,
1256 227 1299 269 in
1320 227 1517 282 fulgenti
1543 229 1696 285 optime

195 300 385 353 mutavit,
417 306 462 343 ut
491 312 634 342 versus
665 298 739 339 ille
770 296 828 339 sic
857 296 1108 352 procederet:
1141 310 1226 349 ,nec
1255 296 1398 338 domus
1428 302 1588 352 argento
1619 298 1695 340 ful-

195 368 302 423 genti
335 383 510 425 auroque
541 367 723 410 renidet‘.
771 366 1021 409 Mentionem
1050 370 1185 407 autem
1215 364 1290 407 feci
1319 365 1444 408 huius
1472 365 1549 409 loci
1578 380 1694 423 prop·

108 498 112 502 ἡ
163 462 167 466 -
195 440 305 478 terea
335 437 444 495 quod
474 437 595 493 plane
627 436 803 478 similem
840 434 943 477 mihi
988 433 1128 478 videor
1159 433 1475 490 deprehendisse
1504 435 1695 477 Catullia-

195 519 294 548 num
336 520 415 562 quo
452 506 603 548 veritas
643 505 896 547 coniecturae
927 503 1275 546 Lachmannianae
1305 504 1457 559 egregie
1487 505 1692 556 firmatum

181 575 392 632 'seriptum
426 579 487 617 est
516 575 625 616 enim
655 574 822 626 LXIIII,
853 574 929 615 44:
972 573 1117 629 ,regia,
1156 572 1328 628 fulgenti
1359 572 1571 628 splendent
1598 587 1694 615 auro

195 646 316 699 atque
346 649 538 699 argento‘.
598 644 684 685 Hos
714 644 838 698 igitur
866 642 974 684 locos
1003 642 1118 684 iuxta
1138 656 1181 683 se
1201 642 1356 697 positos
1377 642 1447 696 qui
1477 647 1584 684 recte
1606 656 1697 685 con-

197 712 448 764 sideraverit,
481 712 549 754 vix
581 712 784 756 dubitabit
813 711 910 766 quin
942 710 1125 754 Catullus
1154 710 1257 753 illud
1279 710 1453 755 Lucretii
1482 715 1576 754 ante
1606 726 1696 754 ocu-

196 782 259 823 los
289 780 488 823 habuerit.
549 781 626 822 Sed
658 781 711 821 ad
741 794 788 822 ea
818 780 925 822 unde
955 780 1129 834 digressi
1163 793 1304 821 sumus
1342 779 1513 833 gradum
1557 785 1602 821 ut
1637 794 1696 822 re-

197 849 389 902 feramus,
420 865 513 893 cum
543 849 649 906 apud
684 855 823 906 poetas
854 849 1008 906 priores
1039 849 1120 891 late
1152 848 1328 905 patuerit
1358 849 1543 891 brevium
1574 850 1692 906 sylla-

194 918 335 960 barum
366 919 589 974 productio,
621 918 760 960 eadem
791 917 971 974 plerique
1009 917 1309 972 insequentium
1339 922 1575 973 temporum.
1597 933 1696 960 nus-

198 1000 321 1041 quam
352 987 452 1029 alibi
483 993 653 1030 utuntur
683 987 763 1029 nisi
792 987 833 1028 in
858 1001 1045 1029 versuum
1073 987 1248 1029 caesuris
1280 986 1476 1040 legitimis
1506 987 1573 1029 vel
1604 993 1696 1030 ante

168 1095 171 1097 .
203 1055 400 1097 vocabula
431 1056 594 1107 Graeca,
644 1069 764 1110 quam
805 1055 970 1110 quidem
1007 1069 1191 1098 normam
1228 1054 1412 1097 Catullus
1449 1056 1573 1097 ternis
1611 1061 1694 1098 toto

199 1138 317 1180 opere
359 1125 557 1181 exemplis
603 1131 765 1167 secutus
811 1129 874 1167 est
918 1125 1053 1179 qualia
1096 1130 1208 1166 sunt:
1259 1126 1416 1166 dicetur
1450 1125 1696 1180 hymenaeus

162 1206 165 1209 ·
196 1192 321 1244 LXII,
361 1194 401 1235 4.
447 1195 630 1247 despexit
670 1193 915 1249 hymenaeos
959 1192 1126 1244 LXIIII,
1172 1192 1237 1234 20.
1276 1197 1425 1234 auctus
1468 1193 1692 1249 hymenaeo

195 1258 340 1313 LXVI,
367 1264 429 1304 11.
471 1262 629 1316 Ubique
658 1262 792 1316 igitur,
824 1263 884 1304 uti
905 1264 1118 1305 observare
1138 1261 1244 1313 licet,
1266 1275 1395 1315 neque
1419 1266 1538 1303 extra
1568 1262 1690 1304 hexa-

198 1334 347 1384 metros
388 1330 600 1372 continuos
646 1331 828 1386 singulas
882 1332 1094 1373 verborum
1140 1329 1448 1372 terminationes
1508 1330 1695 1387 deinceps

108 1398 120 1433 ἶ
197 1397 354 1445 litteris,
381 1414 403 1438 r
433 1405 449 1440 t
477 1415 497 1440 s
527 1400 733 1442 conclusas
773 1414 821 1442 ea
850 1400 1079 1441 condicione
1109 1404 1228 1455 poeta
1256 1398 1462 1454 produxit,
1493 1404 1538 1440 ut
1570 1414 1695 1441 unum
1777 1429 1782 1433 -

124 1509 128 1512 .
196 1466 384 1521 idemque
414 1481 562 1509 nomen
593 1469 824 1510 succederet
854 1468 1122 1524 peregrinum.
1183 1469 1413 1510 Ceterorum
1442 1467 1482 1508 in
1515 1467 1589 1509 hac
1608 1482 1696 1523 pro-

196 1535 310 1577 sodia
349 1535 558 1578 licentiam
598 1537 832 1593 perscrutati
872 1543 969 1579 sunt
1006 1537 1165 1578 Lachm.
1198 1536 1246 1577 ad
1281 1536 1395 1577 Lucr.
1426 1551 1465 1591 p.
1490 1537 1543 1578 76
1566 1550 1623 1591 sq.
1657 1541 1696 1578 et

23 1587 38 1630 '-
195 1604 237 1647 L.
266 1604 447 1646 Mueller.
479 1619 516 1659 p.
536 1605 614 1646 331
641 1618 698 1660 sq.

310 1672 451 1727 Neque
482 1674 646 1717 silentio
677 1675 1080 1730 praetermittendum
1102 1679 1164 1717 est
1184 1674 1341 1717 vocales
1365 1679 1459 1717 ante
1481 1688 1694 1717 consonam

200 1757 222 1782 r
253 1743 405 1798 positas
436 1757 526 1784 cum
561 1743 680 1798 vulgo
712 1745 994 1800 corripiantur,
1025 1743 1151 1786 semel
1182 1743 1344 1785 Catullo
1375 1744 1579 1800 placuisse
1609 1759 1697 1801 pro-

197 1810 342 1853 ducere
372 1811 413 1853 in
430 1812 594 1854 nomine
609 1813 779 1855 Celtiber
794 1813 1047 1865 XXXVIIII,
1073 1814 1123 1854 17
1139 1830 1147 1854 :
1179 1827 1299 1866 ,nunc
1320 1812 1496 1856 Celtiber
1517 1828 1577 1856 es:
1610 1813 1697 1856 Cel-

196 1880 341 1922 tiberia
369 1881 411 1921 in
440 1885 557 1922 terra‘
591 1881 634 1922 in
665 1882 846 1924 trimetro
876 1882 1065 1924 videlicet
1095 1886 1291 1931 scazonte,
1324 1896 1416 1923 cum
1446 1882 1622 1924 Martial.
1645 1882 1695 1934 X,

143 1987 146 1990 .
197 1949 265 2000 20,
300 1951 313 1989 ]
353 1949 461 1991 idem
500 1949 687 1992 adhibuit
721 1951 916 2005 dactylice
947 1952 1004 1994 ita
1033 1950 1222 2004 quidem:
1269 1950 1393 1999 ‚ducit
1421 1949 1474 1990 ad
1503 1950 1696 1992 auriferas

195 2016 302 2070 quod
332 2032 397 2059 me
428 2017 524 2060 Salo
556 2004 734 2061 Celtiber
764 2021 867 2059 oras‘
901 2018 969 2073 (cf.
1004 2019 1043 2059 L.
1066 2018 1284 2060 Muellerus
1314 2033 1352 2074 p.
1376 2018 1491 2072 365).

309 2085 407 2127 Inde
450 2100 521 2142 per
562 2091 738 2128 saturam
780 2086 978 2140 quaedam
1016 2087 1273 2128 enotabimus
1304 2086 1466 2141 cognitu
1496 2086 1606 2128 haud
1636 2087 1696 2128 in-

133 2146 137 2150 *
194 2153 326 2195 utilia.
384 2154 434 2196 Et
472 2154 650 2210 primum
689 2155 732 2197 in
762 2156 865 2196 nihil
892 2157 1063 2197 nihilum
1095 2156 1220 2196 nihilo
1250 2155 1478 2209 ubicunque
1513 2155 1696 2211 syllabae

0 2233 2 2235 ’
70 2243 74 2246 >
115 2270 119 2273 ,
194 2223 492 2278 pronuntiando
524 2237 602 2265 non
636 2228 841 2279 coguntur,
874 2238 993 2280 saepe
1026 2224 1189 2278 quidem
1219 2238 1384 2265 numero
1415 2225 1461 2265 fit
1490 2229 1537 2266 ut
1558 2239 1713 2266 secun-¹

195 2291 289 2332 dam
320 2295 465 2333 natura
494 2291 653 2346 longam
679 2292 756 2346 (cf.
789 2293 1010 2334 Corssenus
1026 2292 1067 2332 II
1097 2307 1131 2348 p.
1158 2292 1260 2347 508)
1291 2297 1433 2347 poetae
1464 2285 1696 2349 corripiant.

195 2359 274 2401 Hic
305 2373 402 2401 usus
437 2359 532 2401 inde
566 2374 595 2401 a
625 2361 782 2403 Catullo
826 2361 1004 2417 primum
1041 2361 1260 2413 increbuit,
1309 2375 1403 2402 nam
1435 2361 1616 2403 Lucretio
1654 2363 1695 2402 in

197 2427 281 2470 illis
312 2429 480 2470 vocibus
527 2442 605 2470 non
652 2429 728 2471 nisi
778 2434 1024 2471 contractam
1069 2430 1235 2471 formam
1282 2429 1448 2485 probari
1488 2444 1560 2485 pro
1590 2434 1695 2471 certo

195 2495 320 2538 habet
350 2496 634 2539 Lachmannus
664 2512 808 2540 comm.
840 2499 953 2541 Lucr.
986 2513 1023 2554 p.
1047 2499 1100 2541 27
1123 2511 1181 2552 sq.
1242 2497 1423 2540 Catullus
1453 2498 1576 2552 igitur
1605 2512 1693 2541 cum

197 2578 356 2620 semper
385 2564 551 2607 alteram
585 2566 785 2620 syllabam
807 2567 1000 2622 corripuit
1029 2571 1121 2608 ante
1142 2567 1321 2608 vocalem
1343 2567 1457 2608 velut
1478 2566 1696 2608 ostendunt

195 2632 325 2684 XVII,
347 2634 414 2676 21.
447 2634 511 2686 LI,
535 2635 571 2677 7.
604 2634 811 2687 LXVIIIb,
837 2637 929 2679 131.
962 2634 1224 2686 LXXXVIII,
1257 2637 1295 2678 7.
1327 2634 1645 2687 LXXXXVIIIJ,
1669 2635 1693 2676 5

194 2707 235 2743 et
280 2701 543 2755 trisyllabum
587 2703 717 2744 nihilo
766 2704 954 2754 XXVIII,
990 2704 1053 2746 12.
1096 2704 1200 2755 LXI,
1235 2704 1327 2754 197,
1364 2704 1474 2745 idem
1514 2702 1693 2756 neglexit

194 2769 366 2812 Ovidius
396 2769 520 2814 Trist.
549 2771 592 2812 V.
628 2772 692 2823 14,
723 2773 775 2814 41
815 2776 854 2814 et
896 2773 1020 2828 Epist.
1053 2773 1170 2817 Pont.
1201 2773 1271 2824 III,
1307 2775 1341 2823 1,
1378 2772 1469 2815 113.
1531 2771 1693 2815 Metam.

0 2806 54 2867 ἐς).
81 2834 91 2843 ’“
144 2854 149 2858 ·
192 2839 288 2892 VII,
319 2840 401 2883 644
432 2840 480 2882 cf.
512 2839 554 2882 1,.
586 2840 758 2881 Mueller
787 2856 827 2896 p.
853 2842 945 2884 326.
993 2842 1217 2884 Corssenus
1247 2842 1272 2884 l.
1297 2855 1336 2883 n.
1380 2865 1435 2870 -
1479 2840 1600 2881 P01'1'0
1646 2840 1695 2882 de
