1923 3104
905 124 960 170 65

123 299 145 311 ,μ
174 250 385 308 Ὗε’γίἱιιῑκιιιι
415 252 604 296 Catullus
634 266 727 294 cum
756 251 849 294 aliis
879 257 1107 295 constanter
1134 251 1384 309 produceret.
1405 278 1462 283 —
1490 250 1677 308 Flagrare

90 317 105 333 ¹'
145 377 148 380 .
175 327 337 377 semper
365 322 612 378 positionem
643 321 740 363 facit
770 326 812 363 et
839 321 882 363 in
911 320 1020 364 thesi
1049 321 1233 376 quidem,
1262 321 1302 363 id
1332 321 1440 376 quod
1470 334 1562 363 raro
1592 318 1676 364 om—

175 386 275 431 nino
317 390 466 434 accidit
503 390 653 440 LXIII,
686 391 753 432 91.
784 389 952 441 LXVII,
981 392 1049 434 25.
1081 389 1292 440 LXVHlb,
1337 391 1402 433 73.
1447 390 1537 433 139.
1599 391 1676 432 Lu-

107 453 117 463 *
177 458 292 501 cretii
323 459 577 516 Vergiliique
606 471 706 501 usus
735 472 947 501 mensurae
977 459 1021 500 in
1050 459 1125 501 hoc
1165 460 1290 501 verbo
1338 458 1441 501 mire
1492 459 1678 514 congruit

49 584 53 588 ἶ
177 540 269 570 eum
299 529 544 571 CatullianO.
577 552 630 559 -
661 527 856 583 Fragrare
905 528 1060 571 variam
1091 528 1275 582 sequitur
1315 528 1532 579 rationem,
1575 541 1675 570 corr.

32 600 73 614 “
176 595 249 649 VI,
281 597 320 640 8.
351 597 466 654 prod.
499 596 711 649 LXXIHb‚
747 599 827 640 144
864 597 1056 651 idemque
1094 595 1266 651 quadrat
1310 596 1353 637 in
1383 610 1522 639 vocem
1554 596 1675 653 poda-

18 672 45 696 ”·
84 701 88 704 .
174 678 269 720 grae
298 666 440 716 LXXI,
484 667 600 708 cuius
638 666 891 720 paenultima
927 666 1044 719 longa
1081 670 1143 707 est
1154 658 1207 707 ¹v.
1239 667 1279 716 2,
1319 665 1452 706 brevis
1483 679 1520 706 v.
1549 666 1588 706 6.
1622 690 1675 696 -—

175 733 335 789 Integer
371 746 452 775 non
494 733 625 775 variat
663 733 911 789 prosodiam,
957 747 1052 775 corr.
1086 732 1285 788 syllabam
1318 732 1531 783 XXXIIII,
1565 734 1602 775 2.
1635 733 1673 777 3.

173 801 279 853 LXI,
318 802 384 846 36.
415 801 529 857 prod.
561 802 708 856 Vergil.
740 802 825 844 Ecl.
858 803 958 852 1111,
996 803 1032 843 5.
1055 826 1108 832 —
1136 801 1271 855 Nigris
1319 802 1492 843 iambice
1536 803 1676 858 posuit

174 869 412 923 XXXXIII,
444 871 480 913 2.
523 871 740 927 spondiace
771 870 984 922 LXVIIIb,
1015 870 1082 912 63.
1144 870 1189 912 In
1224 869 1364 912 eodem
1404 870 1567 913 nomine
1596 871 1675 913 Lu-

175 938 327 981 cretius
369 939 522 995 ubique
561 940 799 996 positionem
831 939 1020 989 admisit,
1051 939 1228 994 neglexit
1258 939 1408 993 Vergil.
1439 940 1541 985 Aen.
1564 939 1675 991 VIII,

173 1009 258 1051 353
289 1023 361 1051 nec
393 1023 472 1051 non
504 1009 752 1063 aliquotiens
773 1009 963 1051 Horatius
985 1013 1025 1050 et
1040 1008 1202 1050 Persius
1225 1009 1291 1063 (cf.
1313 1008 1533 1051 Schneider
1552 1009 1578 1051 l.
1593 1023 1632 1051 n.
1656 1009 1675 1050 Ι

0 1049 16 1101 i
174 1091 213 1133 p.
236 1077 353 1132 679).
387 1103 442 1108 ——-
475 1078 644 1132 Migrare
672 1078 840 1129 XXVH,
874 1079 896 1118 7
928 1082 947 1117 i
974 1077 1134 1131 longam
1176 1077 1299 1119 habet
1329 1082 1375 1119 ut
1404 1078 1525 1132 vulgo
1565 1078 1675 1134 apud

172 1146 411 1187 Lucretium
441 1151 598 1201 praeter
619 1147 671 1198 ΙΙ,
686 1148 781 1189 996.
800 1172 846 1175 --ν
874 1146 1088 1200 Multiplex
1109 1160 1267 1200 semper
1286 1150 1305 1184 i
1322 1146 1487 1201 corripit
1506 1147 1673 1199 LXIHI,

174 1215 270 1257 250.
304 1216 400 1258 304.
431 1215 547 1271 prod.
580 1215 802 1257 Lucretius,
836 1240 884 1244 —
919 1214 1080 1270 Duplex
1109 1214 1230 1268 longa
1249 1228 1281 1255 u
1311 1218 1466 1269 prostat
1494 1215 1536 1256 in
1566 1214 1675 1257 thesi

177 1281 382 1332 LXVHlb,
415 1284 483 1324 51.
527 1289 698 1336 utraque
734 1284 836 1324 ratio
873 1283 1088 1324 familiaris
1122 1288 1183 1323 est
1213 1283 1400 1324 Lucretio
1447 1284 1526 1324 nisi
1565 1284 1674 1337 quod

175 1349 416 1405 plerumque
456 1351 613 1393 breviat
654 1357 698 1393 ut
735 1352 928 1393 Horatius
969 1351 1097 1393 Carm.
1130 1350 1165 1400 1.
1199 1352 1237 1402 6,
1271 1351 1307 1393 7.
1340 1376 1389 1380 --—
1423 1350 1571 1406 Poples
1601 1351 1674 1393 Ca-

171 1418 302 1460 tullus
334 1419 497 1468 LXIIII,
528 1420 612 1463 370
652 1434 722 1475 pro
753 1420 871 1474 longa
900 1424 1069 1474 usurpat
1098 1419 1216 1472 eique
1246 1417 1442 1460 accedunt
1469 1420 1674 1473 Vergilius

169 1485 363 1529 Horatius
394 1487 593 1540 Lucanus,
625 1502 723 1530 corr.
756 1488 964 1530 Lucretius
994 1487 1085 1538 1111,
1114 1489 1207 1531 952.
1241 1512 1295 1517 -—
1326 1487 1517 1543 Proprius
1546 1487 1672 1538 CVII,

173 1553 198 1596 2
228 1556 391 1611 corripit
422 1557 593 1613 primam
633 1558 762 1599 veluti
805 1562 1035 1599 constanter
1069 1556 1178 1612 apud
1207 1556 1436 1597 Lucretium
1474 1562 1516 1598 et
1544 1557 1672 1599 Hora-

82 1668 86 1675 ,
167 1625 284 1667 tium.
319 1651 370 1656 --
404 1625 629 1682 Supremus
659 1641 691 1668 u
721 1626 907 1682 producit
936 1626 980 1667 in
1008 1625 1116 1668 thesi
1143 1625 1307 1677 LXIIII,
1334 1626 1409 1669 151
1444 1626 1514 1669 ubi
1545 1627 1672 1668 semel

165 1694 328 1749 legitur,
361 1695 539 1750 itemque
569 1701 679 1737 extat
708 1696 816 1752 apud
847 1696 963 1737 Lucr.
987 1696 1056 1746 VI,
1092 1695 1213 1737 1192.
1244 1695 1341 1736 Hor.
1363 1694 1435 1750 Ep.
1459 1695 1513 1747 ΙΙ,
1549 1699 1583 1747 1,
1612 1697 1671 1738 12.

0 1759 33 1821 ξὲ
143 1763 267 1816 Stat.
289 1763 412 1805 Theb.
434 1763 528 1815 VII,
550 1763 644 1807 363.
705 1764 789 1806 Nec
818 1764 941 1806 aliam
971 1764 1242 1818 quantitatem
1274 1763 1454 1818 sequitur
1483 1764 1669 1806 Catullus

48 1827 50 1829 ¹
165 1831 208 1873 in
240 1845 455 1887 cupressus
477 1832 641 1882 LXIlII,
665 1835 745 1875 291
779 1833 826 1874 cf.
858 1833 1124 1888 cupressifero
1147 1832 1263 1874 Ovid.
1280 1832 1447 1875 Heroid.
1468 1835 1506 1876 9.
1525 1832 1592 1876 87.
1620 1859 1660 1863 m

167 1899 298 1942 Patris
344 1905 420 1943 cet.
461 1901 615 1955 ubique
652 1901 820 1957 corripit
856 1905 1012 1956 praeter
1043 1900 1165 1951 LXII,
1197 1902 1251 1944 63
1286 1900 1327 1941 in
1366 1900 1475 1942 thesi
1504 1900 1668 1955 quidem

0 1948 23 2022 Ξ.
169 1967 391 2023 eademque
438 1983 631 2011 mensura
672 1974 734 2012 est
754 1974 914 2024 patria,
950 1973 1122 2023 patrius
1140 2003 1149 2021 ,
1195 1974 1335 2011 contra
1376 1968 1668 2023 patrimonium

0 2024 42 2101 ξ·
167 2035 382 2089 XXVIIII,
405 2039 461 2082 22
491 2038 634 2094 longae
656 2038 841 2095 syllabae
863 2039 1019 2082 obtinet
1038 2043 1291 2095 potestatem.
1352 2037 1382 2079 F
1385 2037 1570 2079 luctuant
1590 2037 1667 2079 Lu-

0 2094 34 2157 3‘
165 2105 311 2149 cretius
353 2110 395 2149 et
423 2107 641 2160 Horatius,
681 2108 847 2163 corripit
876 2107 1090 2163 Vergilius.
1120 2132 1173 2138 —
1204 2107 1377 2148 Patrona
1407 2106 1440 2157 Ι,
1471 2107 1497 2148 9
1529 2110 1570 2149 et
1598 2120 1667 2163 pa-

0 2156 31 2225 {ji
73 2218 76 2222 .
162 2179 305 2217 tronus
336 2175 630 2228 XXXXVIIII,
663 2178 686 2216 7
718 2191 877 2233 semper
906 2180 1066 2219 tuenter
1088 2191 1111 2217 a
1133 2177 1307 2218 brevem.
1338 2201 1394 2207 —
1423 2175 1669 2219 Barathrum

0 2228 53 2305 {f}
147 2258 186 2285 ‘a
228 2244 344 2288 brevi
379 2245 538 2304 *extulit
580 2250 701 2302 poeta
746 2245 917 2287 LXVIII
930 2247 964 2296 b,
999 2245 1093 2297 108,
1135 2247 1227 2287 117.
1271 2245 1407 2299 itaque
1448 2244 1563 2289 Lucr.
1594 2245 1664 2296 VI,

0 2304 49 2359 Ξὲῗ·
166 2314 263 2357 606.
295 2338 351 2344 -
380 2314 428 2355 In
459 2313 608 2356 latrare
638 2313 723 2363 LX,
756 2316 780 2355 2
821 2314 1002 2355 classicis
1043 2314 1203 2368 quidem
1243 2314 1372 2369 poetis
1407 2314 1557 2356 usitata
1585 2328 1667 2357 om·

0 2374 53 2437 {33
167 2381 290 2425 nibus
320 2388 383 2425 est
413 2382 572 2439 syllaba
602 2382 740 2438 longa,
777 2389 958 2440 correpta
993 2382 1157 2424 demum
1187 2382 1487 2439 posterioribus.
1521 2408 1573 2414 —
1605 2384 1665 2426 Si-

0 2439 15 2497 ἒ
67 2509 71 2511 ξ
167 2450 324 2494 militer
369 2452 555 2506 genetrix
585 2452 736 2504 LXIII,
769 2451 836 2494 50.
885 2452 1059 2495 arbitror
1089 2451 1337 2503 XXXVIIII,
1369 2453 1408 2493 8.
1457 2453 1664 2495 arbitrium

0 2524 52 2558 ἑ·
151 2519 308 2575 CVIII,
333 2523 354 2563 1
387 2534 438 2562 ne
469 2522 668 2577 positione
688 2522 940 2564 afficerentur
961 2535 1048 2564 mos
1070 2521 1237 2576 quidam
1259 2520 1419 2563 videtur
1440 2521 1665 2564 obtinuisse

77 2590 80 2599 ’
161 2588 210 2630 cf.
243 2588 463 2632 Schneider
494 2590 520 2632 1.
544 2590 625 2635 n.I
657 2606 695 2647 p.
718 2591 812 2635 678.
843 2616 897 2622 —
928 2590 975 2633 In
1003 2592 1209 2632 Etruscus
1240 2591 1338 2633 satis
1376 2590 1549 2632 cernitur
1578 2604 1664 2645 pro-

161 2657 299 2700 sodiae
330 2658 527 2701 varietas:
560 2660 747 2703 Catullus
776 2660 889 2717 prod.
921 2657 1175 2712 XXXVIIII,
1200 2662 1248 2703 11
1281 2659 1418 2714 itaque
1446 2659 1590 2701 Juven.
1613 2659 1662 2711 V,

165 2727 247 2769 164
281 2731 321 2769 et
348 2727 488 2770 Horat.
522 2729 652 2771 Carm.
685 2730 716 2780 Ι,
748 2729 787 2781 2,
820 2731 884 2773 14.
917 2729 1083 2785 corripit
1111 2728 1221 2771 idem
1252 2729 1333 2771 Sat.
1355 2729 1389 2780 Ι,
1424 2729 1487 2780 10,
1518 2729 1587 2772 61.
1607 2753 1662 2759 -

5 2849 15 2856 ,-
166 2795 384 2839 Penetrare
413 2795 482 2848 XI,
515 2797 542 2840 2
571 2813 591 2839 e
621 2799 733 2841 brevi
770 2803 832 2841 est
866 2813 939 2841 nec
980 2798 1170 2841 dissentit
1206 2797 1416 2840 Lucretius
1459 2797 1538 2838 nisi
1568 2796 1662 2849 IIII,

6 2867 62 2910 ζἱῩ
98 2924 101 2925 ⁷
160 2865 244 2909 613
274 2866 317 2907 in
346 2865 425 2907 fine
448 2867 597 2909 ‘versus
644 2894 695 2899 —
729 2868 917 2911 Meretrix
947 2867 1032 2921 CX,
1061 2869 1084 2910 7
1117 2867 1293 2910 secunda
1321 2867 1450 2909 utitur
1480 2872 1663 2923 correpta

9 2931 25 2960 ‘²
1432 2936 1453 2973 5
