1923 3104
861 74 910 118 11

199 204 201 207 ’
248 203 535 262 Diphthongus
564 209 609 247 oi
634 217 737 260 quae
766 203 850 245 iam
878 203 975 245 inde
1002 217 1028 245 a
1055 203 1311 259 temporibus
1341 202 1464 260 primi
1493 201 1636 244 Punici

50 283 63 336 '4
118 271 237 316 ‚belli
265 273 311 315 in
340 289 385 316 oe
413 273 625 318 debilitari
656 277 797 329 coepta
826 276 901 325 est,
931 276 1024 328 post
1045 271 1316 335 Gracchorum
1343 274 1515 313 aetatem
1540 284 1636 326 pau-

55 345 63 375 ἑ
135 340 254 383 latim
282 341 326 384 in
354 342 581 395 utransiit
608 346 797 384 mouente
828 341 1024 383 Corsseno
1054 340 1075 381 I
1103 355 1141 396 p.
1164 342 1246 384 709
1277 354 1336 394 sq.
1393 340 1446 381 Et
1465 339 1636 381 alteram

75 417 79 427 ⁷
135 408 300 465 quidem
348 426 419 467 per
466 426 511 453 oe
557 410 840 466 scriptionem,
891 409 1007 451 cuius
1045 409 1235 465 exempla
1270 422 1344 450 nec
1379 408 1524 450 Plauto
1563 421 1637 448 nec

134 477 320 522 Lucretio
351 480 501 522 desunt
529 478 594 535 (cf.
618 478 791 521 Ritschl.
822 478 850 520 l.
881 492 922 520 n.
953 482 995 520 et
1022 477 1181 520 Kuehn.
1209 477 1370 527 Quaest.
1392 477 1504 520 Lucr.
1533 491 1571 531 p.
1595 476 1635 527 5)

134 551 278 590 notum
308 552 371 590 est
398 547 443 589 in
471 548 602 591 tribus
622 546 845 598 vocabulis,
877 560 980 602 quae
1001 550 1097 588 sunt
1115 545 1255 597 Poeni,
1286 560 1429 602 poena,
1458 545 1633 597 moenia,

134 617 202 659 vel
231 630 256 658 a
285 630 471 658 sermone
500 616 659 659 florenti
689 616 818 658 solam
848 615 1023 671 agnosci.
1080 615 1137 657 At
1164 629 1310 657 vocum
1339 619 1477 656 tamen
1506 614 1637 670 prisco

134 695 247 727 more
286 699 358 740 per
387 684 684 741 diphthongum
713 689 758 726 oi
784 684 1084 738 designatarum
1121 684 1250 726 multo
1280 683 1472 740 pauciora
1501 686 1640 724 extant

135 752 368 795 testimonia
416 753 461 795 in
511 753 627 797 libris
674 752 962 808 dactylicorum
1011 752 1282 808 posteriorum
1331 756 1372 795 et
1413 766 1465 794 ne
1509 765 1638 793 unum

136 820 303 876 quidem
341 825 496 864 certum
538 823 581 864 in
620 822 810 864 carmine>
826 821 1006 864 Lucretii
1043 822 1231 875 quamvis
1269 826 1316 863 ut
1351 821 1517 862 aliunde
1547 833 1639 862 0011-
1677 818 1681 820 ’

97 916 101 921 ι
136 893 218 932 stat
253 894 506 933 vetustarum
547 891 767 934 formarum
808 889 992 932 studiosi.
1060 889 1183 946 Apud
1225 889 1432 932 Catullum
1473 888 1638 948 quidem

136 957 225 1001 eius
263 958 376 1002 modi
414 960 614 1016 scriptura
642 959 805 1015 saepius
834 959 1002 1002 occurrit
1030 959 1072 1001 in
1102 959 1232 1002 forma
1259 958 1509 1015 pronominis
1538 960 1643 1012 quoi

135 1040 208 1082 pro
238 1031 322 1080 cui,
353 1033 399 1069 ut
427 1028 629 1070 indicatur
657 1029 720 1070 his
749 1029 865 1070 locis:
896 1028 930 1079 Ι,
958 1031 988 1070 1.
1017 1027 1072 1079 ΙΙ,
1095 1031 1133 1070 3.
1154 1028 1286 1078 XVII,
1312 1028 1377 1069 14.
1398 1025 1577 1077 XXIIII,
1598 1026 1637 1067 5.

135 1094 301 1147 LXVII,
332 1097 401 1139 47.
432 1097 577 1150 LXXI,
611 1099 631 1140 1
666 1097 733 1153 (cf.
765 1096 936 1153 Hauptii
956 1097 1120 1148 Quaest.
1144 1096 1230 1140 Cat.
1252 1111 1289 1153 p.
1312 1097 1397 1153 93).
1449 1094 1576 1147 CVII,
1600 1096 1637 1136 1.

137 1164 188 1205 de
247 1165 477 1207 coniectura
525 1166 739 1209 Ribbeckii
788 1179 880 1208 ann.
924 1166 1042 1210 Jahn.
1093 1165 1276 1207 LXXXV
1324 1180 1361 1221 p.
1413 1166 1496 1208 378
1547 1178 1639 1205 cum

138 1233 353 1277 Schwabio
383 1235 485 1277 mihi
515 1234 816 1292 probatissima.
872 1234 922 1277 In
950 1235 1188 1277 universum
1218 1238 1355 1277 autem
1384 1247 1549 1277 necesse
1577 1236 1640 1275 est

136 1302 482 1346 animadvertatur
519 1304 624 1345 illud
654 1308 758 1359 quoi
788 1318 839 1345 ne
877 1318 955 1345 uno
999 1303 1165 1358 quidem
1201 1304 1344 1345 horum
1374 1303 1550 1345 locorum
1580 1302 1639 1343 ita

136 1376 345 1414 exaratum
395 1372 578 1428 praeberi
621 1372 846 1423 codicibus,
895 1372 968 1414 sed
1005 1372 1186 1414 maxima
1216 1387 1266 1415 ex
1296 1376 1410 1428 parte
1441 1370 1634 1413 Italorum

135 1441 488 1495 grammaticorum
518 1440 869 1483 emendationibus
899 1440 1037 1483 deberi
1068 1454 1205 1483 omnes
1232 1441 1418 1483 veritatis
1448 1452 1638 1481 numeros

137 1508 237 1550 adeo
278 1509 322 1550 in
361 1523 405 1550 se
443 1510 764 1560 continentibus,
806 1515 853 1551 ut
882 1523 932 1551 ne
961 1509 1134 1564 paulum
1164 1509 1329 1564 quidem
1360 1509 1409 1550 de
1438 1509 1489 1550 iis
1519 1507 1639 1550 hodie

140 1576 355 1632 quisquam
385 1577 556 1619 dubitet.
605 1577 718 1620 Libri
748 1577 941 1619 videlicet
970 1577 1187 1619 Catulliani
1216 1577 1401 1633 plerique
1431 1582 1471 1618 et
1496 1576 1639 1632 optimi

138 1645 179 1688 ll.
212 1660 264 1688 cc.
299 1645 381 1687 fere
409 1646 563 1700 ubique
593 1650 673 1701 qui
699 1646 862 1696 habent,
894 1646 1018 1687 semel
1048 1646 1087 1689 h.
1120 1660 1153 1689 e.
1175 1646 1324 1699 LXXI,
1350 1649 1370 1688 1
1405 1661 1501 1702 qua,
1532 1644 1641 1686 unde

0 1713 7 1718 ”
50 1761 60 1767 ,1
139 1714 370 1756 necessario
402 1714 675 1768 colligendum
705 1718 767 1756 est
795 1714 839 1755 in
868 1714 1096 1770 archetypo,
1127 1715 1180 1756 ad
1210 1715 1318 1770 quod
1340 1729 1479 1758 omnes
1499 1718 1640 1771 poetae

139 1783 296 1825 codices
339 1783 580 1839 superstites
621 1783 818 1825 referendi
858 1788 953 1825 sunt
966 1815 976 1835 ,
1020 1783 1118 1826 olim
1148 1788 1253 1839 quoi
1280 1784 1475 1840 scriptum
1503 1783 1640 1834 fuisse,

139 1851 249 1906 quod
279 1866 370 1894 cum
390 1852 553 1895 ⁴indocti
579 1852 736 1894 librarii
764 1852 964 1908 explicare
992 1867 1075 1895 11011
1100 1858 1279 1909 possent,
1310 1854 1384 1896 1110
1410 1852 1530 1894 1110ᾶο
1551 1866 1638 1907 per-

138 1924 366 1963 verterunt:
415 1934 510 1962 nam
559 1925 609 1974 et,
643 1935 809 1963 sensum
853 1926 894 1963 et
932 1921 1149 1963 verborum
1193 1926 1438 1963 structuram
1475 1920 1511 1961 si
1550 1934 1639 1961 con-

140 1988 398 2041 sideraveriS,
430 1989 601 2031 formam
630 1993 736 2045 quoi
762 1989 951 2033 omnibus
981 1990 1216 2034 nominibus
1247 1994 1395 2032 certam
1415 2002 1502 2031 esse
1522 1988 1641 2030 facile

139 2057 364 2112 intelleges.
424 2058 454 2098 F
457 2058 794 2112 requentissimus
837 2062 900 2100 est
947 2059 1071 2101 huius
1121 2059 1342 2113 scripturae
1383 2071 1482 2099 usus
1512 2057 1556 2098 in
1585 2057 1643 2098 in-

141 2125 428 2182 scriptionibus
458 2132 499 2169 et
528 2131 714 2168 veterum
738 2130 953 2182 poetarum
984 2126 1145 2178 fabulis,
1179 2140 1258 2181 qua
1287 2126 1336 2168 de
1366 2140 1410 2167 re
1441 2127 1489 2167 cf.
1522 2125 1639 2167 Cors-

139 2207 264 2236 senus
297 2194 318 2235 I
347 2209 387 2250 p.
411 2196 493 2237 706
524 2199 565 2236 et
595 2195 635 2236 II
663 2209 701 2250 p.
727 2196 821 2238 760.
851 2220 908 2225 -
937 2195 1101 2245 Quintil.
1130 2195 1162 2244 I,
1193 2196 1230 2245 7,
1263 2196 1327 2237 27.

254 2262 430 2305 Accedit
442 2262 620 2305 varietas
649 2263 881 2318 scriptionis
911 2267 951 2304 ei
978 2267 1017 2304 et
1045 2267 1065 2304 z·
1091 2263 1134 2304 in
1162 2264 1226 2305 his
1256 2263 1468 2318 particulis
1499 2264 1639 2307 obvia:

138 2332 206 2374 nei
224 2331 297 2383 VI,
329 2332 355 2374 2
385 2331 636 2374 Lachmanni
664 2334 748 2374 arte
778 2333 1029 2385 restitutum3
1059 2331 1155 2374 libri
1185 2331 1291 2374 enim
1321 2336 1517 2387 quotquot
1546 2337 1644 2374 sunt

139 2400 374 2443 sinceriores
403 2400 589 2443 voculam
629 2416 677 2442 ne
711 2401 975 2456 suppeditant
1013 2402 1218 2443 defensam
1249 2405 1289 2443 et
1318 2401 1562 2457 explicatam
1591 2402 1641 2442 ab

139 2469 291 2512 Haasio
329 2469 381 2512 ad
411 2469 580 2524 Reisigii
619 2469 743 2512 schol.
781 2469 851 2514 lat.
881 2485 920 2526 p.
953 2470 1035 2512 524
1066 2475 1145 2513 not.
1206 2469 1288 2512 Sed
1317 2470 1506 2527 probavit
1534 2470 1643 2512 idem

139 2537 213 2580 ille
242 2538 306 2579 vir
334 2538 478 2581 doctus
506 2539 662 2581 ibidem
692 2539 815 2580 etiam
844 2539 1012 2581 alteram
1042 2543 1088 2580 ni
1105 2539 1345 2595 scripturam
1371 2540 1644 2582 consentiente

140 2606 464 2663 Umpfenbachio
493 2607 629 2651 melet.
659 2607 793 2650 Plaut.
823 2621 863 2663 p.
894 2609 960 2651 66.
1020 2607 1076 2651 Ut
1105 2609 1413 2651 concinnitatem
1446 2608 1639 2650 orationis

141 2689 264 2731 quam
305 2679 423 2732 poeta
470 2691 551 2719 non
594 2676 723 2718 nullis
763 2677 988 2731 neglexisse
1018 2677 1257 2730 videbatur,
1305 2692 1400 2719 cum
1429 2677 1642 2720 scriberet:

5 2754 15 2797 j
32 2762 70 2808 'j‘
141 2745 222 2798 ,nei
271 2744 355 2788 sint
396 2744 588 2801 illepidae
627 2750 748 2800 atque
785 2745 1034 2800 inelegantes
1060 2747 1066 2802 Ι
1092 2747 1218 2789 velles
1248 2746 1380 2789 dicere
1410 2760 1483 2793 nec
1511 2750 1644 2789 tacere

137 2819 291 2871 posses‘
313 2813 469 2856 Catullo
499 2815 726 2868 redderent,
757 2814 1038 2858 Froehlichius
1068 2815 1110 2859 in
1133 2830 1250 2858 versu
1270 2816 1406 2873 priore
1426 2819 1472 2858 ni
1491 2822 1634 2868 essent,
