1923 3104
965 75 1018 118 18

229 201 436 243 bonorum
464 204 588 242 iuoeta
618 199 834 241 lectionem
864 199 1057 242 retineret
1081 204 1123 242 et
1152 213 1224 257 pro
1245 201 1449 254 Lycaonia
1476 199 1733 253 emendatius

222 268 456 323 Lycaom‘da
485 268 693 320 scriberet,
723 267 802 310 etsi
836 282 916 310 non
952 268 1128 311 diffiteor
1148 268 1278 311 multo
1298 268 1428 322 magis
1446 269 1554 312 mihi
1573 269 1733 326 plaeere

225 336 466 379 Rossbachii
510 335 615 377 illud
656 337 781 379 ’iuxta
809 337 1071 391 Lycaoniam‘
1107 337 1160 379 ad
1202 337 1436 393 exemplum
1472 336 1736 380 Callimacheiv
1792 370 1836 394 η
1850 365 1900 401 11

221 405 266 447 in
295 405 387 449 Jov.
408 407 460 448 41
486 403 736 463 Λυκαονίης
768 403 954 462 tiquam.
978 429 1033 436 —
1054 406 1176 449 Porro
1202 405 1386 448 eiusdem
1405 419 1522 448 casus
1539 406 1732 449 suffixum
1790 396 1869 480 ζ’

223 477 243 514 i
269 475 487 516 verborum
517 473 752 515 Latinorum
797 486 902 527 quae
943 474 1051 527 leges
1093 473 1451 517 U-declinationis
1488 478 1729 528 sequuntur,

222 546 364 585 notum
405 547 469 585 est
507 541 615 598 apud
659 541 878 598 scriptores
922 543 1100 599 optimos
1141 542 1382 599 plerumque
1422 541 1624 599 supprimi
1655 541 1730 599 (cf.

223 612 346 653 etiam
388 611 490 653 Gell.
522 611 594 662 IV,
628 611 714 665 16).
783 610 864 653 Nec
908 611 1098 652 dissentit
1136 613 1188 654 ab
1231 611 1296 653 his
1326 611 1511 653 Catullus
1551 611 1622 665 qui
1662 610 1731 668 bis
1802 609 1885 666 45]·

221 680 359 737 posuit
397 684 515 723 coetu
546 678 721 733 LXIIII,
763 679 846 722 385
878 684 919 722 et
949 679 1092 731 LXVI,
1133 680 1206 723 37:
1247 694 1343 722 nam
1379 679 1606 723 consimilis
1635 678 1732 723 huic

222 750 353 791 forma
381 751 500 791 luctu
531 762 654 803 quam
684 749 911 791 Dorvillius
941 750 993 791 ad
1023 750 1227 793 Chariton.
1260 764 1299 804 p.
1325 751 1410 794 263
1440 753 1534 804 post
1557 762 1731 803 eumque

223 816 426 872 Bergkius
456 817 499 859 in
520 817 695 868 LXIIII,
719 818 800 860 247
824 817 1083 860 scribendam
1104 831 1193 859 esse
1220 820 1467 873 putaverunt
1485 817 1543 860 ita
1565 816 1730 872 quidem

222 886 347 940 'quali
376 885 560 928 Minoida
600 886 726 927 luctu‘
759 900 819 940 sq.
851 886 1043 942 pluribus
1081 886 1131 927 de
1162 886 1295 927 causis
1326 899 1429 940 quas
1458 885 1567 927 infra
1594 885 1732 941 aptius

225 953 522 1010 explicabimus
554 954 670 997 nobis
700 955 987 1011 improbabilis
1017 953 1191 997 videtur.

335 1024 374 1066 4.
414 1023 504 1064 Iam
540 1022 590 1065 de
632 1023 862 1071 accusativo
900 1028 939 1065 et
987 1023 1165 1065 ablativo
1224 1022 1365 1065 tertiae
1415 1036 1519 1077 quae
1567 1026 1732 1065 vocatur

221 1090 507 1134 declinationis
557 1097 604 1134 ut
653 1092 776 1134 simul
826 1106 1014 1146 agamus,
1065 1091 1369 1147 comprehendit
1418 1091 1516 1133 haec
1563 1090 1732 1146 quidem

219 1160 388 1202 nomina
426 1175 600 1216 quorum
640 1161 788 1217 stirpes
828 1161 871 1202 in
901 1165 921 1203 i
947 1160 1015 1203 vel
1059 1160 1104 1201 in
1148 1173 1366 1202 consonam
1407 1164 1555 1202 exeunt
1597 1173 1729 1215 neque

225 1229 259 1271 si
298 1229 475 1272 Graecae
514 1229 678 1283 linguae
714 1229 1032 1271 similitudinem
1079 1229 1315 1279 contuleris,
1357 1228 1436 1270 ulli
1480 1228 1730 1272 dubitationi

222 1298 447 1340 obnoxium
487 1303 551 1340 est
600 1298 702 1352 quin
751 1298 900 1340 talium
940 1299 1162 1341 verborum
1202 1297 1461 1339 accusativus
1501 1297 1637 1339 iustus
1683 1311 1731 1339 ac

221 1365 459 1422 primitivus
504 1366 547 1408 in
565 1366 654 1408 —im
700 1366 897 1408 formatus
943 1366 1044 1408 olim
1086 1365 1220 1417 fuerit,
1263 1365 1500 1421 praesertim
1530 1378 1622 1407 cum
1650 1379 1732 1408 non

224 1435 337 1477 nulla
358 1439 516 1477 restent
530 1435 729 1478 vocabula
749 1450 822 1492 per
843 1435 981 1477 omnia
1000 1434 1163 1477 saecula
1181 1435 1257 1476 hac
1275 1433 1557 1476 terminatione
1576 1433 1730 1477 affecta.

223 1502 312 1553 Quo
343 1518 392 1546 ex
421 1518 565 1559 genere
595 1505 639 1546 in
659 1504 909 1546 carminibus
931 1503 1080 1546 Catulli
1099 1503 1287 1557 leguntur
1306 1503 1454 1545 tussim
1473 1501 1729 1555 XXXXIIII,

225 1573 264 1613 7.
309 1573 373 1615 19.
424 1572 611 1629 Sarapim
655 1573 705 1624 X,
753 1574 806 1615 26
849 1574 897 1614 os.
942 1571 1116 1613 Martial.
1146 1571 1286 1622 VIIII,
1333 1572 1399 1615 29.
1431 1572 1457 1614 6
1500 1575 1539 1613 et
1583 1571 1734 1613 Graeca

221 1640 397 1683 flexione
423 1641 543 1683 Attin
563 1641 715 1692 LXIII,
746 1642 814 1685 42.
837 1640 903 1685 88.
928 1640 1000 1682 sed
1021 1640 1198 1683 Macrob.
1230 1640 1314 1684 Sat.
1338 1639 1372 1691 I,
1395 1641 1464 1692 21,
1486 1641 1510 1681 7
1531 1639 1732 1683 Attinem.

220 1709 334 1751 Haec
377 1711 413 1751 si
454 1714 561 1752 recte
607 1710 814 1766 disputata
846 1714 963 1761 sunt,
1009 1722 1091 1750 non
1130 1708 1374 1755 mirabimur
1405 1708 1514 1763 quod
1545 1708 1732 1751 Catullus

223 1792 317 1820 cum
354 1792 494 1821 eorum
533 1778 743 1821 nominum
788 1784 878 1820 tum
907 1778 1084 1820 aliorum
1113 1777 1339 1819 ablativum
1371 1777 1482 1819 haud
1511 1790 1603 1819 raro
1633 1776 1733 1819 in·i
1812 1783 1817 1787 '
1850 1768 1889 1811 ‘'-

233 1847 481 1889 conformare
512 1847 590 1888 sibi
621 1847 831 1889 concessit.
873 1846 1061 1888 Sincerae
1092 1848 1201 1887 enim
1230 1845 1405 1887 ablativi
1433 1845 1733 1888 terminationis
1802 1891 1805 1899 ι
1850 1842 1856 1851 “

228 1928 335 1970 quae
376 1919 439 1957 est
479 1916 526 1956 id
563 1929 611 1957 ex
653 1917 719 1956 eid
753 1915 936 1971 profecta
967 1915 1037 1970 (cf.
1070 1915 1292 1957 Corssenus
1322 1914 1343 1955 I
1372 1929 1412 1970 p.
1445 1913 1528 1956 204
1558 1927 1618 1969 sq.
1649 1913 1732 1956 734

227 1996 315 2038 sqq.
349 1982 393 2024 II
422 1998 462 2039 p.
494 1984 600 2038 462)
645 1983 782 2025 littera
825 1985 852 2024 d
891 1983 996 2037 quod
1040 1982 1213 2025 ablativi
1254 1982 1417 2037 signum
1453 1985 1515 2024 est
1543 1982 1734 2024 omnibus

224 2051 571 2095 declinationibus
615 2053 667 2094 ab
711 2051 830 2093 initio
869 2065 1100 2103 commune,
1141 2051 1400 2093 nascentibus
1429 2050 1574 2093 litteris
1602 2050 1732 2105 magis

222 2121 435 2176 magisque
483 2124 640 2165 remota
688 2123 752 2162 est
800 2124 839 2162 et
888 2123 1092 2176 postremo
1142 2119 1307 2162 omnino
1357 2117 1505 2161 decidit
1540 2118 1680 2162 relicta
1716 2121 1737 2162 ι’
1779 2171 1781 2176 ,

220 2190 510 2233 terminatione
540 2190 583 2231 in
613 2193 721 2231 certo
759 2188 935 2243 quodam
971 2203 1115 2244 genere
1144 2187 1432 2230 vocabulorum
1472 2187 1598 2231 etiam
1624 2201 1734 2231 nunc

224 2259 453 2315 perspicua,
486 2273 580 2301 cum
608 2258 652 2300 in
681 2257 777 2300 aliis
807 2257 1045 2314 plerumque
1065 2258 1108 2300 in
1129 2274 1150 2301 e
1169 2272 1290 2300 versa
1318 2258 1383 2300 sit.
1408 2257 1555 2312 Itaque
1574 2260 1734 2314 praeter
1852 2240 1871 2286 ss

224 2328 400 2371 usitatas
448 2328 546 2370 illas
595 2327 749 2369 formas
794 2326 925 2368 securi
966 2327 1101 2380 XVII,
1156 2329 1208 2370 19
1248 2331 1289 2369 et
1328 2326 1460 2383 puppi
1496 2325 1670 2379 LXIIII,
1705 2327 1733 2370 6

225 2396 414 2440 Catullus
443 2396 518 2438 has
549 2396 630 2439 sibi
660 2395 866 2452 permisit:
897 2396 1023 2450 ungui
1051 2396 1181 2449 LXII,
1212 2396 1268 2438 43
1299 2396 1350 2440 cf.
1379 2395 1518 2439 Horat.
1551 2394 1624 2439 Od.
1651 2394 1732 2447 III,

224 2468 250 2509 6
264 2499 274 2517 ,
296 2467 362 2510 24.
387 2465 513 2508 classi
532 2465 677 2516 LXVI,
707 2465 765 2508 46
786 2469 827 2506 et
847 2463 1029 2516 LXIIII,
1061 2467 1145 2509 212
1164 2464 1245 2507 nisi
1276 2463 1383 2519 quod
1404 2464 1492 2507 loco
1511 2464 1733 2520 posteriore

223 2538 415 2590 excerpta
455 2534 654 2576 Minturni
698 2539 828 2575 castae
868 2534 1042 2584 offerunt
1077 2547 1102 2575 a
1129 2533 1274 2576 multis
1304 2533 1573 2589 approbatum
1602 2537 1643 2575 et
1671 2547 1732 2575 re·

225 2608 400 2659 ceptum.
475 2603 609 2645 Huius
666 2602 832 2657 quidem
882 2602 1066 2646 lectionis
1115 2603 1333 2646 auctoritas
1380 2603 1415 2645 si
1463 2596 1732 2656 examinatur,

222 2672 401 2714 multum
446 2685 543 2712 sane
572 2671 694 2713 habet
724 2684 805 2726 quo
826 2671 1152 2714 commendetur:
1183 2672 1372 2714 Minerva
1401 2671 1511 2713 enim
1533 2684 1636 2726 quae
1665 2670 1734 2716 hic

223 2740 490 2795 intelligitur,
522 2740 677 2796 optime
712 2746 821 2782 casta
855 2740 1095 2797 appellatur.
1155 2740 1308 2783 Vereor
1337 2745 1495 2793 tamen,
1525 2753 1576 2782 ne
1606 2739 1735 2784 altera

222 2808 405 2852 codicum
459 2808 907 2866 praestantissimorum
957 2809 1157 2866 scriptura
1204 2811 1330 2852 classi
1367 2809 1402 2852 si
1437 2822 1513 2866 pro
1548 2810 1921 2866 corrupta
