<?xml version="1.0" encoding="UTF-8"?>
<!DOCTYPE html PUBLIC "-//W3C//DTD XHTML 1.0 Transitional//EN"
    "http://www.w3.org/TR/xhtml1/DTD/xhtml1-transitional.dtd">
<html xmlns="http://www.w3.org/1999/xhtml" xml:lang="en" lang="en">
 <head>
  <title>
</title>
<meta http-equiv="Content-Type" content="text/html;charset=utf-8" />
  <meta name='ocr-system' content='tesseract 3.04.00' />
  <meta name='ocr-capabilities' content='ocr_page ocr_carea ocr_par ocr_line ocrx_word'/>
</head>
<body>
  <div class='ocr_page' id='page_1' title='image "4737845_0067.png"; bbox 0 0 1923 3104; ppageno 0'>
   <div class='ocr_carea' id='block_1_1' title="bbox 977 80 1032 123">
    <p class='ocr_par' dir='ltr' id='par_1_1' title="bbox 977 80 1032 123">
     <span class='ocr_line' id='line_1_1' title="bbox 977 80 1032 123; baseline 0 0"><span class='ocrx_word' id='word_1_1' title='bbox 977 80 1032 123; x_wconf 80' lang='lat'><strong>54</strong></span> 
     </span>
    </p>
   </div>
   <div class='ocr_carea' id='block_1_2' title="bbox 870 139 1136 145">
    <p class='ocr_par' dir='ltr' id='par_1_2' title="bbox 870 139 1136 145">
     <span class='ocr_line' id='line_1_2' title="bbox 870 139 1136 145; baseline 0 0"><span class='ocrx_word' id='word_1_2' title='bbox 870 139 1136 145; x_wconf 95' lang='lat' dir='ltr'><strong> </strong></span> 
     </span>
    </p>
   </div>
   <div class='ocr_carea' id='block_1_3' title="bbox 237 195 1921 476">
    <p class='ocr_par' dir='ltr' id='par_1_3' title="bbox 237 195 1921 476">
     <span class='ocr_line' id='line_1_3' title="bbox 238 195 1847 262; baseline 0.001 -15"><span class='ocrx_word' id='word_1_3' title='bbox 238 206 451 248; x_wconf 78' lang='lat' dir='ltr'><strong>tiationem</strong></span> <span class='ocrx_word' id='word_1_4' title='bbox 500 205 616 248; x_wconf 87' lang='lat' dir='ltr'><strong>illam</strong></span> <span class='ocrx_word' id='word_1_5' title='bbox 660 206 931 249; x_wconf 76' lang='lat' dir='ltr'><strong>Gracchorum</strong></span> <span class='ocrx_word' id='word_1_6' title='bbox 976 207 1234 262; x_wconf 78' lang='lat' dir='ltr'><strong>temporibus</strong></span> <span class='ocrx_word' id='word_1_7' title='bbox 1269 208 1313 249; x_wconf 88' lang='lat' dir='ltr'><strong>in</strong></span> <span class='ocrx_word' id='word_1_8' title='bbox 1344 219 1534 250; x_wconf 84' lang='lat' dir='ltr'><strong>sermone</strong></span> <span class='ocrx_word' id='word_1_9' title='bbox 1560 207 1756 254; x_wconf 66' lang='lat' dir='ltr'><strong>familiari-</strong></span> <span class='ocrx_word' id='word_1_10' title='bbox 1777 195 1911 262; x_wconf 40' lang='lat' dir='ltr'><strong>&#39;&#39;f-&#39;335</strong></span> 
     </span>
     <span class='ocr_line' id='line_1_4' title="bbox 237 273 1812 330; baseline 0.004 -14"><span class='ocrx_word' id='word_1_11' title='bbox 237 273 433 317; x_wconf 83' lang='lat' dir='ltr'><strong>usitatam</strong></span> <span class='ocrx_word' id='word_1_12' title='bbox 471 274 600 317; x_wconf 84' lang='lat' dir='ltr'><strong>fuisse</strong></span> <span class='ocrx_word' id='word_1_13' title='bbox 642 274 690 317; x_wconf 82' lang='lat' dir='ltr'><strong>cf.</strong></span> <span class='ocrx_word' id='word_1_14' title='bbox 725 274 950 318; x_wconf 88' lang='lat' dir='ltr'><strong>Corssenus</strong></span> <span class='ocrx_word' id='word_1_15' title='bbox 993 275 1019 317; x_wconf 95' lang='lat' dir='ltr'><strong>l.</strong></span> <span class='ocrx_word' id='word_1_16' title='bbox 1064 290 1100 318; x_wconf 90' lang='lat' dir='ltr'><strong>n.</strong></span> <span class='ocrx_word' id='word_1_17' title='bbox 1135 275 1317 318; x_wconf 87' lang='lat' dir='ltr'><strong>Tertium</strong></span> <span class='ocrx_word' id='word_1_18' title='bbox 1348 274 1456 330; x_wconf 92' lang='lat' dir='ltr'><strong>quod</strong></span> <span class='ocrx_word' id='word_1_19' title='bbox 1484 275 1529 318; x_wconf 88' lang='lat' dir='ltr'><strong>in</strong></span> <span class='ocrx_word' id='word_1_20' title='bbox 1558 276 1750 321; x_wconf 88' lang='lat' dir='ltr'><strong>editioni·</strong></span> <span class='ocrx_word' id='word_1_21' title='bbox 1804 265 1916 333; x_wconf 24' lang='lat'><strong>531³:</strong></span> 
     </span>
     <span class='ocr_line' id='line_1_5' title="bbox 240 335 1921 401; baseline 0.003 -16"><span class='ocrx_word' id='word_1_22' title='bbox 240 344 317 385; x_wconf 92' lang='lat' dir='ltr'><strong>bus</strong></span> <span class='ocrx_word' id='word_1_23' title='bbox 348 343 498 386; x_wconf 89' lang='lat' dir='ltr'><strong>Catulli</strong></span> <span class='ocrx_word' id='word_1_24' title='bbox 534 344 739 399; x_wconf 85' lang='lat' dir='ltr'><strong>prioribus</strong></span> <span class='ocrx_word' id='word_1_25' title='bbox 770 345 890 399; x_wconf 87' lang='lat' dir='ltr'><strong>vulgo</strong></span> <span class='ocrx_word' id='word_1_26' title='bbox 937 346 1083 398; x_wconf 87' lang='lat' dir='ltr'><strong>legitur</strong></span> <span class='ocrx_word' id='word_1_27' title='bbox 1123 345 1359 401; x_wconf 83' lang='lat' dir='ltr'><strong>exemplum</strong></span> <span class='ocrx_word' id='word_1_28' title='bbox 1389 345 1597 388; x_wconf 79' lang='lat' dir='ltr'><strong>codicibus</strong></span> <span class='ocrx_word' id='word_1_29' title='bbox 1628 346 1753 389; x_wconf 88' lang='lat' dir='ltr'><strong>omni-</strong></span> <span class='ocrx_word' id='word_1_30' title='bbox 1817 335 1921 389; x_wconf 21' lang='lat'><strong>1⁵:³23*</strong></span> 
     </span>
     <span class='ocr_line' id='line_1_6' title="bbox 243 412 1900 476; baseline 0.002 -21"><span class='ocrx_word' id='word_1_31' title='bbox 243 414 318 455; x_wconf 91' lang='lat' dir='ltr'><strong>bus</strong></span> <span class='ocrx_word' id='word_1_32' title='bbox 368 413 572 454; x_wconf 89' lang='lat' dir='ltr'><strong>firmatum</strong></span> <span class='ocrx_word' id='word_1_33' title='bbox 616 412 870 455; x_wconf 80' lang='lat' dir='ltr'><strong>Pharsaliam</strong></span> <span class='ocrx_word' id='word_1_34' title='bbox 909 413 1045 455; x_wconf 89' lang='lat' dir='ltr'>LXIII</span> <span class='ocrx_word' id='word_1_35' title='bbox 1054 413 1090 466; x_wconf 89' lang='lat' dir='ltr'><strong>l,</strong></span> <span class='ocrx_word' id='word_1_36' title='bbox 1142 413 1195 455; x_wconf 82' lang='lat'><strong>37</strong></span> <span class='ocrx_word' id='word_1_37' title='bbox 1247 413 1400 470; x_wconf 89' lang='lat' dir='ltr'><strong>primus</strong></span> <span class='ocrx_word' id='word_1_38' title='bbox 1440 414 1617 456; x_wconf 83' lang='lat' dir='ltr'><strong>removit</strong></span> <span class='ocrx_word' id='word_1_39' title='bbox 1649 413 1754 458; x_wconf 85' lang='lat' dir='ltr'><strong>Pon·</strong></span> <span class='ocrx_word' id='word_1_40' title='bbox 1818 466 1824 476; x_wconf 21' lang='grc' dir='ltr'><strong><em>ἡ</em></strong></span> <span class='ocrx_word' id='word_1_41' title='bbox 1854 415 1900 476; x_wconf 49' lang='lat'><strong>3²*</strong></span> 
     </span>
    </p>
   </div>
   <div class='ocr_carea' id='block_1_4' title="bbox 238 481 1754 543">
    <p class='ocr_par' dir='ltr' id='par_1_4' title="bbox 238 481 1754 543">
     <span class='ocr_line' id='line_1_7' title="bbox 238 481 1754 543; baseline 0.002 -19"><span class='ocrx_word' id='word_1_42' title='bbox 238 487 359 524; x_wconf 85' lang='lat' dir='ltr'><strong>tanus</strong></span> <span class='ocrx_word' id='word_1_43' title='bbox 398 481 651 524; x_wconf 89' lang='lat' dir='ltr'><strong>emendando</strong></span> <span class='ocrx_word' id='word_1_44' title='bbox 689 483 748 524; x_wconf 89' lang='lat' dir='ltr'><strong>sic</strong></span> <span class='ocrx_word' id='word_1_45' title='bbox 777 482 1024 524; x_wconf 76' lang='lat' dir='ltr'><strong>rectissime:</strong></span> <span class='ocrx_word' id='word_1_46' title='bbox 1059 483 1317 535; x_wconf 76' lang='lat' dir='ltr'><strong>,Pharsalum</strong></span> <span class='ocrx_word' id='word_1_47' title='bbox 1348 487 1509 533; x_wconf 89' lang='lat' dir='ltr'><strong>coeunt,</strong></span> <span class='ocrx_word' id='word_1_48' title='bbox 1541 481 1754 543; x_wconf 67' lang='lat' dir='ltr'><strong>Pharsalia</strong></span> 
     </span>
    </p>
   </div>
   <div class='ocr_carea' id='block_1_5' title="bbox 1813 0 1923 625">
    <p class='ocr_par' dir='ltr' id='par_1_5' title="bbox 1813 0 1923 625">
     <span class='ocr_line' id='line_1_8' title="bbox 1813 0 1923 625; baseline 0 2479"><span class='ocrx_word' id='word_1_49' title='bbox 1813 0 1923 625; x_wconf 95' lang='lat' dir='ltr'><strong> </strong></span> 
     </span>
    </p>
   </div>
   <div class='ocr_carea' id='block_1_6' title="bbox 239 550 1754 605">
    <p class='ocr_par' dir='ltr' id='par_1_6' title="bbox 239 540 1918 611">
     <span class='ocr_line' id='line_1_9' title="bbox 239 550 1754 605; baseline 0.001 -13"><span class='ocrx_word' id='word_1_50' title='bbox 239 555 345 593; x_wconf 87' lang='lat' dir='ltr'><strong>tecta</strong></span> <span class='ocrx_word' id='word_1_51' title='bbox 395 551 682 604; x_wconf 81' lang='lat' dir='ltr'><strong>frequentant‘.</strong></span> <span class='ocrx_word' id='word_1_52' title='bbox 743 552 903 593; x_wconf 80' lang='lat' dir='ltr'><strong>Etenim</strong></span> <span class='ocrx_word' id='word_1_53' title='bbox 941 553 980 592; x_wconf 91' lang='lat' dir='ltr'><strong>in</strong></span> <span class='ocrx_word' id='word_1_54' title='bbox 1014 552 1176 592; x_wconf 78' lang='lat' dir='ltr'><strong>Graecis</strong></span> <span class='ocrx_word' id='word_1_55' title='bbox 1215 552 1449 593; x_wconf 79' lang='lat' dir='ltr'><strong>nominibus</strong></span> <span class='ocrx_word' id='word_1_56' title='bbox 1479 550 1621 592; x_wconf 87' lang='lat' dir='ltr'><strong>eadem</strong></span> <span class='ocrx_word' id='word_1_57' title='bbox 1650 564 1754 605; x_wconf 69' lang='lat' dir='ltr'><strong>quae</strong></span> 
     </span>
    </p>
   </div>
   <div class='ocr_carea' id='block_1_7' title="bbox 239 618 1754 744">
    <p class='ocr_par' dir='ltr' id='par_1_7' title="bbox 239 618 1754 744">
     <span class='ocr_line' id='line_1_10' title="bbox 244 618 1751 675; baseline 0.001 -14"><span class='ocrx_word' id='word_1_58' title='bbox 244 620 288 661; x_wconf 89' lang='lat' dir='ltr'><strong>in</strong></span> <span class='ocrx_word' id='word_1_59' title='bbox 338 619 498 662; x_wconf 89' lang='lat' dir='ltr'><strong>Latinis</strong></span> <span class='ocrx_word' id='word_1_60' title='bbox 548 621 779 675; x_wconf 82' lang='lat' dir='ltr'><strong>synaeresis</strong></span> <span class='ocrx_word' id='word_1_61' title='bbox 830 634 912 662; x_wconf 92' lang='lat' dir='ltr'><strong>non</strong></span> <span class='ocrx_word' id='word_1_62' title='bbox 962 619 1192 662; x_wconf 85' lang='lat' dir='ltr'><strong>conceditur</strong></span> <span class='ocrx_word' id='word_1_63' title='bbox 1244 620 1307 669; x_wconf 89' lang='lat' dir='ltr'><strong>(cf.</strong></span> <span class='ocrx_word' id='word_1_64' title='bbox 1358 619 1521 662; x_wconf 88' lang='lat' dir='ltr'><strong>Lachm.</strong></span> <span class='ocrx_word' id='word_1_65' title='bbox 1551 618 1603 661; x_wconf 81' lang='lat' dir='ltr'><strong>ad</strong></span> <span class='ocrx_word' id='word_1_66' title='bbox 1632 618 1751 663; x_wconf 83' lang='lat' dir='ltr'><strong>Lucr.</strong></span> 
     </span>
     <span class='ocr_line' id='line_1_11' title="bbox 239 687 1754 744; baseline 0 -15"><span class='ocrx_word' id='word_1_67' title='bbox 239 703 279 743; x_wconf 91' lang='lat' dir='ltr'><strong>p.</strong></span> <span class='ocrx_word' id='word_1_68' title='bbox 316 690 410 731; x_wconf 85' lang='lat'><strong>193.</strong></span> <span class='ocrx_word' id='word_1_69' title='bbox 457 688 501 730; x_wconf 89' lang='lat' dir='ltr'><strong>L.</strong></span> <span class='ocrx_word' id='word_1_70' title='bbox 530 688 751 730; x_wconf 83' lang='lat' dir='ltr'><strong>Muellerus</strong></span> <span class='ocrx_word' id='word_1_71' title='bbox 792 704 829 744; x_wconf 89' lang='lat' dir='ltr'><strong>p.</strong></span> <span class='ocrx_word' id='word_1_72' title='bbox 865 690 988 744; x_wconf 79' lang='lat'>261),</span> <span class='ocrx_word' id='word_1_73' title='bbox 1040 689 1185 730; x_wconf 79' lang='lat' dir='ltr'><strong>deinde</strong></span> <span class='ocrx_word' id='word_1_74' title='bbox 1216 695 1262 729; x_wconf 90' lang='lat' dir='ltr'><strong>ut</strong></span> <span class='ocrx_word' id='word_1_75' title='bbox 1292 689 1428 731; x_wconf 88' lang='lat' dir='ltr'><strong>verbis</strong></span> <span class='ocrx_word' id='word_1_76' title='bbox 1458 693 1549 730; x_wconf 85' lang='lat' dir='ltr'><strong>utar</strong></span> <span class='ocrx_word' id='word_1_77' title='bbox 1580 687 1754 744; x_wconf 83' lang='lat' dir='ltr'><strong>Hauptii</strong></span> 
     </span>
    </p>
   </div>
   <div class='ocr_carea' id='block_1_8' title="bbox 168 754 1756 813">
    <p class='ocr_par' dir='ltr' id='par_1_8' title="bbox 168 754 1756 813">
     <span class='ocr_line' id='line_1_12' title="bbox 168 754 1756 813; baseline -0.001 -13"><span class='ocrx_word' id='word_1_78' title='bbox 168 754 173 762; x_wconf 85' lang='lat'>&#39;</span> <span class='ocrx_word' id='word_1_79' title='bbox 240 758 402 800; x_wconf 85' lang='lat' dir='ltr'><strong>observ.</strong></span> <span class='ocrx_word' id='word_1_80' title='bbox 435 756 523 798; x_wconf 90' lang='lat' dir='ltr'><strong>crit.</strong></span> <span class='ocrx_word' id='word_1_81' title='bbox 575 772 611 812; x_wconf 85' lang='lat' dir='ltr'><strong>p.</strong></span> <span class='ocrx_word' id='word_1_82' title='bbox 648 758 726 807; x_wconf 74' lang='grc'><strong>68,</strong></span> <span class='ocrx_word' id='word_1_83' title='bbox 777 757 926 799; x_wconf 89' lang='lat' dir='ltr'><strong>mirum</strong></span> <span class='ocrx_word' id='word_1_84' title='bbox 967 762 1074 799; x_wconf 88' lang='lat' dir='ltr'><strong>esset</strong></span> <span class='ocrx_word' id='word_1_85' title='bbox 1103 758 1138 799; x_wconf 88' lang='lat' dir='ltr'><strong>si</strong></span> <span class='ocrx_word' id='word_1_86' title='bbox 1170 762 1290 813; x_wconf 82' lang='lat' dir='ltr'><strong>poeta</strong></span> <span class='ocrx_word' id='word_1_87' title='bbox 1320 757 1385 799; x_wconf 93' lang='lat' dir='ltr'><strong>hic</strong></span> <span class='ocrx_word' id='word_1_88' title='bbox 1410 757 1481 798; x_wconf 92' lang='lat' dir='ltr'><strong>ubi</strong></span> <span class='ocrx_word' id='word_1_89' title='bbox 1511 762 1552 798; x_wconf 91' lang='lat' dir='ltr'><strong>et</strong></span> <span class='ocrx_word' id='word_1_90' title='bbox 1579 755 1756 800; x_wconf 83' lang='lat' dir='ltr'><strong>debebat</strong></span> 
     </span>
    </p>
   </div>
   <div class='ocr_carea' id='block_1_9' title="bbox 237 824 1753 2525">
    <p class='ocr_par' dir='ltr' id='par_1_9' title="bbox 238 824 1753 1290">
     <span class='ocr_line' id='line_1_13' title="bbox 240 824 1753 880; baseline 0 -14"><span class='ocrx_word' id='word_1_91' title='bbox 240 831 278 867; x_wconf 93' lang='lat' dir='ltr'><strong>et</strong></span> <span class='ocrx_word' id='word_1_92' title='bbox 308 824 640 867; x_wconf 84' lang='lat' dir='ltr'><strong>commodissime</strong></span> <span class='ocrx_word' id='word_1_93' title='bbox 672 830 829 880; x_wconf 89' lang='lat' dir='ltr'><strong>poterat</strong></span> <span class='ocrx_word' id='word_1_94' title='bbox 859 826 975 868; x_wconf 87' lang='lat' dir='ltr'><strong>urbis</strong></span> <span class='ocrx_word' id='word_1_95' title='bbox 1005 827 1169 867; x_wconf 89' lang='lat' dir='ltr'><strong>nomine</strong></span> <span class='ocrx_word' id='word_1_96' title='bbox 1200 826 1281 877; x_wconf 86' lang='lat' dir='ltr'><strong>uti,</strong></span> <span class='ocrx_word' id='word_1_97' title='bbox 1313 825 1490 879; x_wconf 87' lang='lat' dir='ltr'><strong>regionis</strong></span> <span class='ocrx_word' id='word_1_98' title='bbox 1520 825 1684 867; x_wconf 88' lang='lat' dir='ltr'><strong>nomine</strong></span> <span class='ocrx_word' id='word_1_99' title='bbox 1712 830 1753 866; x_wconf 89' lang='lat' dir='ltr'><strong>et</strong></span> 
     </span>
     <span class='ocr_line' id='line_1_14' title="bbox 240 893 1751 949; baseline -0.001 -13"><span class='ocrx_word' id='word_1_100' title='bbox 240 893 467 936; x_wconf 86' lang='lat' dir='ltr'><strong>orationem</strong></span> <span class='ocrx_word' id='word_1_101' title='bbox 507 893 768 949; x_wconf 82' lang='lat' dir='ltr'><strong>depravasset</strong></span> <span class='ocrx_word' id='word_1_102' title='bbox 798 900 838 935; x_wconf 89' lang='lat' dir='ltr'><strong>et</strong></span> <span class='ocrx_word' id='word_1_103' title='bbox 869 908 1030 936; x_wconf 86' lang='lat' dir='ltr'><strong>versum</strong></span> <span class='ocrx_word' id='word_1_104' title='bbox 1059 895 1279 939; x_wconf 87' lang='lat' dir='ltr'><strong>inscienter</strong></span> <span class='ocrx_word' id='word_1_105' title='bbox 1309 894 1602 936; x_wconf 83' lang='lat' dir='ltr'><strong>conformasset</strong></span> <span class='ocrx_word' id='word_1_106' title='bbox 1617 894 1665 948; x_wconf 91' lang='lat' dir='ltr'><strong>l).</strong></span> <span class='ocrx_word' id='word_1_107' title='bbox 1696 919 1751 925; x_wconf 79' lang='lat'><strong>-—</strong></span> 
     </span>
     <span class='ocr_line' id='line_1_15' title="bbox 240 962 1750 1018; baseline 0 -14"><span class='ocrx_word' id='word_1_108' title='bbox 240 962 424 1004; x_wconf 87' lang='lat' dir='ltr'><strong>Alterius</strong></span> <span class='ocrx_word' id='word_1_109' title='bbox 463 962 621 1016; x_wconf 85' lang='lat' dir='ltr'><strong>generis</strong></span> <span class='ocrx_word' id='word_1_110' title='bbox 661 975 739 1016; x_wconf 90' lang='lat' dir='ltr'><strong>quc</strong></span> <span class='ocrx_word' id='word_1_111' title='bbox 771 963 925 1005; x_wconf 86' lang='lat' dir='ltr'><strong>vocalis</strong></span> <span class='ocrx_word' id='word_1_112' title='bbox 960 977 992 1004; x_wconf 80' lang='lat' dir='ltr'><em>u</em></span> <span class='ocrx_word' id='word_1_113' title='bbox 1024 963 1108 1005; x_wconf 92' lang='lat' dir='ltr'><strong>vim</strong></span> <span class='ocrx_word' id='word_1_114' title='bbox 1151 962 1410 1003; x_wconf 87' lang='lat' dir='ltr'><strong>consonantis</strong></span> <span class='ocrx_word' id='word_1_115' title='bbox 1447 978 1470 1002; x_wconf 83' lang='lat' dir='ltr'><strong><em>v</em></strong></span> <span class='ocrx_word' id='word_1_116' title='bbox 1500 962 1750 1018; x_wconf 87' lang='lat' dir='ltr'><strong>adipiscitur,</strong></span> 
     </span>
     <span class='ocr_line' id='line_1_16' title="bbox 239 1029 1752 1086; baseline 0 -13"><span class='ocrx_word' id='word_1_117' title='bbox 239 1030 400 1073; x_wconf 90' lang='lat' dir='ltr'><strong>nullum</strong></span> <span class='ocrx_word' id='word_1_118' title='bbox 450 1045 472 1072; x_wconf 92' lang='lat' dir='ltr'><strong>e</strong></span> <span class='ocrx_word' id='word_1_119' title='bbox 524 1031 681 1072; x_wconf 87' lang='lat' dir='ltr'><strong>Catulli</strong></span> <span class='ocrx_word' id='word_1_120' title='bbox 731 1032 931 1086; x_wconf 87' lang='lat' dir='ltr'><strong>poematis</strong></span> <span class='ocrx_word' id='word_1_121' title='bbox 983 1031 1230 1073; x_wconf 82' lang='lat' dir='ltr'><strong>afferendum</strong></span> <span class='ocrx_word' id='word_1_122' title='bbox 1268 1031 1385 1072; x_wconf 86' lang='lat' dir='ltr'><strong>nobis</strong></span> <span class='ocrx_word' id='word_1_123' title='bbox 1424 1029 1652 1086; x_wconf 86' lang='lat' dir='ltr'><strong>exemplum</strong></span> <span class='ocrx_word' id='word_1_124' title='bbox 1692 1035 1752 1073; x_wconf 87' lang='lat' dir='ltr'><strong>est</strong></span> 
     </span>
     <span class='ocr_line' id='line_1_17' title="bbox 238 1098 1751 1154; baseline -0.001 -13"><span class='ocrx_word' id='word_1_125' title='bbox 238 1113 488 1154; x_wconf 89' lang='lat' dir='ltr'><strong>quamquam</strong></span> <span class='ocrx_word' id='word_1_126' title='bbox 538 1098 679 1140; x_wconf 88' lang='lat' dir='ltr'><strong>multis</strong></span> <span class='ocrx_word' id='word_1_127' title='bbox 733 1100 825 1141; x_wconf 84' lang='lat' dir='ltr'><strong>aliis</strong></span> <span class='ocrx_word' id='word_1_128' title='bbox 866 1100 994 1142; x_wconf 88' lang='lat' dir='ltr'><strong>veluti</strong></span> <span class='ocrx_word' id='word_1_129' title='bbox 1041 1100 1224 1141; x_wconf 90' lang='lat' dir='ltr'><strong>Lucretio</strong></span> <span class='ocrx_word' id='word_1_130' title='bbox 1264 1099 1440 1154; x_wconf 85' lang='lat' dir='ltr'><strong>Vergilio</strong></span> <span class='ocrx_word' id='word_1_131' title='bbox 1480 1099 1611 1141; x_wconf 85' lang='lat' dir='ltr'><strong>Statio</strong></span> <span class='ocrx_word' id='word_1_132' title='bbox 1648 1098 1751 1141; x_wconf 88' lang='lat' dir='ltr'><strong>Silio</strong></span> 
     </span>
     <span class='ocr_line' id='line_1_18' title="bbox 238 1159 1750 1222; baseline 0 -14"><span class='ocrx_word' id='word_1_133' title='bbox 238 1167 379 1209; x_wconf 89' lang='lat' dir='ltr'><strong>Persio</strong></span> <span class='ocrx_word' id='word_1_134' title='bbox 420 1168 624 1222; x_wconf 86' lang='lat' dir='ltr'><strong>placuisse</strong></span> <span class='ocrx_word' id='word_1_135' title='bbox 662 1174 821 1209; x_wconf 85' lang='lat' dir='ltr'><strong>constat</strong></span> <span class='ocrx_word' id='word_1_136' title='bbox 853 1169 1002 1209; x_wconf 87' lang='lat' dir='ltr'><strong>formas</strong></span> <span class='ocrx_word' id='word_1_137' title='bbox 1033 1168 1173 1221; x_wconf 85' lang='lat' dir='ltr'><strong>quales</strong></span> <span class='ocrx_word' id='word_1_138' title='bbox 1205 1173 1298 1209; x_wconf 88' lang='lat' dir='ltr'><strong>sunt</strong></span> <span class='ocrx_word' id='word_1_139' title='bbox 1327 1169 1461 1209; x_wconf 76' lang='lat' dir='ltr'><strong>tenvis</strong></span> <span class='ocrx_word' id='word_1_140' title='bbox 1492 1167 1652 1209; x_wconf 86' lang='lat' dir='ltr'><strong>tenvior</strong></span> <span class='ocrx_word' id='word_1_141' title='bbox 1681 1159 1750 1209; x_wconf 80' lang='lat' dir='ltr'><strong>ex-</strong></span> 
     </span>
     <span class='ocr_line' id='line_1_19' title="bbox 241 1237 975 1290; baseline 0.001 -13"><span class='ocrx_word' id='word_1_142' title='bbox 241 1240 459 1278; x_wconf 81' lang='lat' dir='ltr'><strong>tenvantur</strong></span> <span class='ocrx_word' id='word_1_143' title='bbox 488 1249 618 1290; x_wconf 87' lang='lat' dir='ltr'><strong>genva</strong></span> <span class='ocrx_word' id='word_1_144' title='bbox 649 1242 781 1278; x_wconf 88' lang='lat' dir='ltr'><strong>cetera</strong></span> <span class='ocrx_word' id='word_1_145' title='bbox 811 1237 975 1278; x_wconf 86' lang='lat' dir='ltr'><strong>similia.</strong></span> 
     </span>
    </p>

    <p class='ocr_par' dir='ltr' id='par_1_10' title="bbox 237 1304 1752 2045">
     <span class='ocr_line' id='line_1_20' title="bbox 352 1304 1750 1360; baseline 0 -15"><span class='ocrx_word' id='word_1_146' title='bbox 352 1304 562 1346; x_wconf 89' lang='lat' dir='ltr'><strong>Postremo</strong></span> <span class='ocrx_word' id='word_1_147' title='bbox 594 1305 659 1346; x_wconf 94' lang='lat' dir='ltr'><strong>hic</strong></span> <span class='ocrx_word' id='word_1_148' title='bbox 688 1305 904 1346; x_wconf 89' lang='lat' dir='ltr'><strong>memorari</strong></span> <span class='ocrx_word' id='word_1_149' title='bbox 937 1311 1110 1360; x_wconf 87' lang='lat' dir='ltr'><strong>possunt</strong></span> <span class='ocrx_word' id='word_1_150' title='bbox 1140 1305 1269 1345; x_wconf 88' lang='lat' dir='ltr'><strong>dativi</strong></span> <span class='ocrx_word' id='word_1_151' title='bbox 1300 1306 1397 1345; x_wconf 68' lang='lat' dir='ltr'><strong>huic</strong></span> <span class='ocrx_word' id='word_1_152' title='bbox 1426 1308 1499 1344; x_wconf 77' lang='lat' dir='ltr'><strong>cui</strong></span> <span class='ocrx_word' id='word_1_153' title='bbox 1527 1309 1568 1345; x_wconf 89' lang='lat' dir='ltr'><strong>et</strong></span> <span class='ocrx_word' id='word_1_154' title='bbox 1596 1307 1750 1358; x_wconf 75' lang='lat' dir='ltr'><strong>cuique</strong></span> 
     </span>
     <span class='ocr_line' id='line_1_21' title="bbox 238 1370 1750 1428; baseline -0.001 -14"><span class='ocrx_word' id='word_1_155' title='bbox 238 1372 347 1427; x_wconf 92' lang='lat' dir='ltr'><strong>quod</strong></span> <span class='ocrx_word' id='word_1_156' title='bbox 390 1372 532 1423; x_wconf 90' lang='lat' dir='ltr'>XXII,</span> <span class='ocrx_word' id='word_1_157' title='bbox 584 1373 640 1416; x_wconf 76' lang='lat'><strong>20</strong></span> <span class='ocrx_word' id='word_1_158' title='bbox 688 1378 865 1428; x_wconf 80' lang='lat' dir='ltr'><strong>prostat,</strong></span> <span class='ocrx_word' id='word_1_159' title='bbox 916 1375 967 1416; x_wconf 88' lang='lat' dir='ltr'><strong>ab</strong></span> <span class='ocrx_word' id='word_1_160' title='bbox 1004 1372 1194 1415; x_wconf 90' lang='lat' dir='ltr'><strong>omnibus</strong></span> <span class='ocrx_word' id='word_1_161' title='bbox 1225 1372 1355 1427; x_wconf 88' lang='lat' dir='ltr'><strong>poetis</strong></span> <span class='ocrx_word' id='word_1_162' title='bbox 1385 1385 1516 1426; x_wconf 88' lang='lat' dir='ltr'><strong>usque</strong></span> <span class='ocrx_word' id='word_1_163' title='bbox 1546 1370 1599 1412; x_wconf 86' lang='lat' dir='ltr'><strong>ad</strong></span> <span class='ocrx_word' id='word_1_164' title='bbox 1630 1371 1750 1413; x_wconf 84' lang='lat' dir='ltr'><strong>finem</strong></span> 
     </span>
     <span class='ocr_line' id='line_1_22' title="bbox 238 1440 1748 1496; baseline 0.001 -13"><span class='ocrx_word' id='word_1_165' title='bbox 238 1441 374 1483; x_wconf 87' lang='lat' dir='ltr'><strong>octavi</strong></span> <span class='ocrx_word' id='word_1_166' title='bbox 425 1442 543 1484; x_wconf 89' lang='lat' dir='ltr'><strong>urbis</strong></span> <span class='ocrx_word' id='word_1_167' title='bbox 593 1442 747 1483; x_wconf 88' lang='lat' dir='ltr'><strong>saeculi</strong></span> <span class='ocrx_word' id='word_1_168' title='bbox 798 1447 1028 1484; x_wconf 84' lang='lat' dir='ltr'><strong>constanter</strong></span> <span class='ocrx_word' id='word_1_169' title='bbox 1089 1455 1159 1496; x_wconf 93' lang='lat' dir='ltr'><strong>pro</strong></span> <span class='ocrx_word' id='word_1_170' title='bbox 1211 1440 1506 1495; x_wconf 88' lang='lat' dir='ltr'><strong>monosyllabis</strong></span> <span class='ocrx_word' id='word_1_171' title='bbox 1562 1440 1748 1485; x_wconf 76' lang='lat' dir='ltr'><strong>adhibiti.</strong></span> 
     </span>
     <span class='ocr_line' id='line_1_23' title="bbox 239 1509 1750 1565; baseline 0 -13"><span class='ocrx_word' id='word_1_172' title='bbox 239 1509 353 1560; x_wconf 87' lang='lat' dir='ltr'><strong>Quod</strong></span> <span class='ocrx_word' id='word_1_173' title='bbox 397 1511 473 1553; x_wconf 89' lang='lat' dir='ltr'><strong>etsi</strong></span> <span class='ocrx_word' id='word_1_174' title='bbox 509 1524 652 1553; x_wconf 84' lang='lat' dir='ltr'><strong>verum</strong></span> <span class='ocrx_word' id='word_1_175' title='bbox 691 1516 775 1562; x_wconf 84' lang='lat' dir='ltr'><strong>cst,</strong></span> <span class='ocrx_word' id='word_1_176' title='bbox 821 1517 958 1553; x_wconf 84' lang='lat' dir='ltr'><strong>tamen</strong></span> <span class='ocrx_word' id='word_1_177' title='bbox 991 1524 1169 1565; x_wconf 90' lang='lat' dir='ltr'><strong>quanam</strong></span> <span class='ocrx_word' id='word_1_178' title='bbox 1200 1509 1355 1550; x_wconf 85' lang='lat' dir='ltr'><strong>ratione</strong></span> <span class='ocrx_word' id='word_1_179' title='bbox 1385 1522 1578 1551; x_wconf 88' lang='lat' dir='ltr'><strong>mensura</strong></span> <span class='ocrx_word' id='word_1_180' title='bbox 1607 1509 1750 1552; x_wconf 84' lang='lat' dir='ltr'><strong>harum</strong></span> 
     </span>
     <span class='ocr_line' id='line_1_24' title="bbox 240 1576 1752 1634; baseline 0 -14"><span class='ocrx_word' id='word_1_181' title='bbox 240 1579 481 1620; x_wconf 88' lang='lat' dir='ltr'><strong>vocularum</strong></span> <span class='ocrx_word' id='word_1_182' title='bbox 535 1579 778 1634; x_wconf 86' lang='lat' dir='ltr'><strong>explicanda</strong></span> <span class='ocrx_word' id='word_1_183' title='bbox 831 1580 899 1630; x_wconf 89' lang='lat' dir='ltr'><strong>sit,</strong></span> <span class='ocrx_word' id='word_1_184' title='bbox 953 1580 1134 1621; x_wconf 90' lang='lat' dir='ltr'><strong>virorum</strong></span> <span class='ocrx_word' id='word_1_185' title='bbox 1185 1578 1393 1619; x_wconf 88' lang='lat' dir='ltr'><strong>doctorum</strong></span> <span class='ocrx_word' id='word_1_186' title='bbox 1431 1576 1618 1620; x_wconf 88' lang='lat' dir='ltr'><strong>diversae</strong></span> <span class='ocrx_word' id='word_1_187' title='bbox 1655 1582 1752 1620; x_wconf 91' lang='lat' dir='ltr'><strong>sunt</strong></span> 
     </span>
     <span class='ocr_line' id='line_1_25' title="bbox 238 1646 1749 1700; baseline -0.001 -11"><span class='ocrx_word' id='word_1_188' title='bbox 238 1648 485 1689; x_wconf 86' lang='lat' dir='ltr'><strong>sententiae:</strong></span> <span class='ocrx_word' id='word_1_189' title='bbox 541 1648 764 1688; x_wconf 87' lang='lat' dir='ltr'><strong>Corssenus</strong></span> <span class='ocrx_word' id='word_1_190' title='bbox 814 1647 980 1700; x_wconf 87' lang='lat' dir='ltr'><strong>quidem</strong></span> <span class='ocrx_word' id='word_1_191' title='bbox 1034 1647 1071 1686; x_wconf 85' lang='lat'><strong>11</strong></span> <span class='ocrx_word' id='word_1_192' title='bbox 1121 1662 1158 1700; x_wconf 91' lang='lat' dir='ltr'><strong>p.</strong></span> <span class='ocrx_word' id='word_1_193' title='bbox 1200 1648 1277 1687; x_wconf 85' lang='lat'><strong>761</strong></span> <span class='ocrx_word' id='word_1_194' title='bbox 1312 1647 1353 1686; x_wconf 94' lang='lat' dir='ltr'><strong>in</strong></span> <span class='ocrx_word' id='word_1_195' title='bbox 1384 1647 1449 1687; x_wconf 91' lang='lat' dir='ltr'><strong>his</strong></span> <span class='ocrx_word' id='word_1_196' title='bbox 1480 1646 1687 1700; x_wconf 88' lang='lat' dir='ltr'><strong>synizesin</strong></span> <span class='ocrx_word' id='word_1_197' title='bbox 1716 1661 1749 1688; x_wconf 75' lang='lat' dir='ltr'><strong>u</strong></span> 
     </span>
     <span class='ocr_line' id='line_1_26' title="bbox 238 1713 1748 1770; baseline 0.001 -14"><span class='ocrx_word' id='word_1_198' title='bbox 238 1715 391 1757; x_wconf 89' lang='lat' dir='ltr'><strong>vocalis</strong></span> <span class='ocrx_word' id='word_1_199' title='bbox 431 1715 596 1766; x_wconf 86' lang='lat' dir='ltr'><strong>statuit,</strong></span> <span class='ocrx_word' id='word_1_200' title='bbox 648 1715 852 1756; x_wconf 92' lang='lat' dir='ltr'><strong>Lucianus</strong></span> <span class='ocrx_word' id='word_1_201' title='bbox 883 1719 1020 1756; x_wconf 89' lang='lat' dir='ltr'><strong>autem</strong></span> <span class='ocrx_word' id='word_1_202' title='bbox 1050 1713 1268 1755; x_wconf 89' lang='lat' dir='ltr'><strong>Muellerus</strong></span> <span class='ocrx_word' id='word_1_203' title='bbox 1299 1713 1348 1754; x_wconf 90' lang='lat' dir='ltr'><strong>de</strong></span> <span class='ocrx_word' id='word_1_204' title='bbox 1377 1727 1419 1754; x_wconf 91' lang='lat' dir='ltr'><strong>re</strong></span> <span class='ocrx_word' id='word_1_205' title='bbox 1448 1718 1560 1757; x_wconf 89' lang='lat' dir='ltr'><strong>metr.</strong></span> <span class='ocrx_word' id='word_1_206' title='bbox 1593 1728 1632 1770; x_wconf 86' lang='lat' dir='ltr'><strong>p.</strong></span> <span class='ocrx_word' id='word_1_207' title='bbox 1665 1715 1748 1758; x_wconf 84' lang='lat'><strong>269</strong></span> 
     </span>
     <span class='ocr_line' id='line_1_27' title="bbox 239 1782 1751 1839; baseline 0 -14"><span class='ocrx_word' id='word_1_208' title='bbox 239 1784 348 1826; x_wconf 89' lang='lat' dir='ltr'><strong>coire</strong></span> <span class='ocrx_word' id='word_1_209' title='bbox 397 1785 441 1825; x_wconf 91' lang='lat' dir='ltr'><strong>in</strong></span> <span class='ocrx_word' id='word_1_210' title='bbox 492 1784 790 1839; x_wconf 84' lang='lat' dir='ltr'><strong>diphthongum</strong></span> <span class='ocrx_word' id='word_1_211' title='bbox 837 1786 981 1826; x_wconf 90' lang='lat' dir='ltr'><strong>breves</strong></span> <span class='ocrx_word' id='word_1_212' title='bbox 1019 1784 1179 1824; x_wconf 88' lang='lat' dir='ltr'><strong>vocales</strong></span> <span class='ocrx_word' id='word_1_213' title='bbox 1218 1783 1436 1824; x_wconf 85' lang='lat' dir='ltr'><strong>existimat.</strong></span> <span class='ocrx_word' id='word_1_214' title='bbox 1499 1782 1587 1832; x_wconf 85' lang='lat' dir='ltr'><strong>Qua</strong></span> <span class='ocrx_word' id='word_1_215' title='bbox 1621 1783 1666 1824; x_wconf 91' lang='lat' dir='ltr'><strong>in</strong></span> <span class='ocrx_word' id='word_1_216' title='bbox 1706 1797 1751 1825; x_wconf 89' lang='lat' dir='ltr'><strong>re</strong></span> 
     </span>
     <span class='ocr_line' id='line_1_28' title="bbox 238 1850 1752 1907; baseline -0.001 -13"><span class='ocrx_word' id='word_1_217' title='bbox 238 1866 332 1895; x_wconf 92' lang='lat' dir='ltr'><strong>cum</strong></span> <span class='ocrx_word' id='word_1_218' title='bbox 384 1852 593 1895; x_wconf 88' lang='lat' dir='ltr'><strong>considero</strong></span> <span class='ocrx_word' id='word_1_219' title='bbox 645 1852 795 1895; x_wconf 89' lang='lat' dir='ltr'><strong>formas</strong></span> <span class='ocrx_word' id='word_1_220' title='bbox 837 1852 933 1894; x_wconf 89' lang='lat' dir='ltr'><strong>illas</strong></span> <span class='ocrx_word' id='word_1_221' title='bbox 979 1856 1144 1907; x_wconf 78' lang='lat' dir='ltr'><strong>quattor</strong></span> <span class='ocrx_word' id='word_1_222' title='bbox 1188 1851 1295 1907; x_wconf 91' lang='lat' dir='ltr'><strong>apud</strong></span> <span class='ocrx_word' id='word_1_223' title='bbox 1331 1850 1433 1892; x_wconf 89' lang='lat' dir='ltr'><strong>Enn.</strong></span> <span class='ocrx_word' id='word_1_224' title='bbox 1475 1864 1567 1893; x_wconf 89' lang='lat' dir='ltr'><strong>ann.</strong></span> <span class='ocrx_word' id='word_1_225' title='bbox 1612 1851 1665 1894; x_wconf 83' lang='lat'><strong>96</strong></span> <span class='ocrx_word' id='word_1_226' title='bbox 1710 1853 1752 1893; x_wconf 87' lang='lat' dir='ltr'><strong>et</strong></span> 
     </span>
     <span class='ocr_line' id='line_1_29' title="bbox 237 1919 1751 1977; baseline -0.001 -15"><span class='ocrx_word' id='word_1_227' title='bbox 237 1927 371 1963; x_wconf 78' lang='lat' dir='ltr'><strong>strena</strong></span> <span class='ocrx_word' id='word_1_228' title='bbox 420 1921 530 1977; x_wconf 89' lang='lat' dir='ltr'><strong>apud</strong></span> <span class='ocrx_word' id='word_1_229' title='bbox 578 1920 681 1963; x_wconf 91' lang='lat' dir='ltr'><strong>Nov.</strong></span> <span class='ocrx_word' id='word_1_230' title='bbox 719 1923 784 1972; x_wconf 89' lang='lat'><strong>17,</strong></span> <span class='ocrx_word' id='word_1_231' title='bbox 820 1926 838 1963; x_wconf 88' lang='lat'>1</span> <span class='ocrx_word' id='word_1_232' title='bbox 895 1921 963 1973; x_wconf 86' lang='lat' dir='ltr'><strong>(cf.</strong></span> <span class='ocrx_word' id='word_1_233' title='bbox 994 1920 1113 1963; x_wconf 89' lang='lat' dir='ltr'><strong>Ribb.</strong></span> <span class='ocrx_word' id='word_1_234' title='bbox 1148 1920 1261 1973; x_wconf 87' lang='lat' dir='ltr'><strong>frgm.</strong></span> <span class='ocrx_word' id='word_1_235' title='bbox 1292 1934 1392 1962; x_wconf 90' lang='lat' dir='ltr'><strong>com.</strong></span> <span class='ocrx_word' id='word_1_236' title='bbox 1424 1934 1464 1975; x_wconf 88' lang='lat' dir='ltr'><strong>p.</strong></span> <span class='ocrx_word' id='word_1_237' title='bbox 1497 1920 1600 1975; x_wconf 82' lang='lat'>205)</span> <span class='ocrx_word' id='word_1_238' title='bbox 1632 1919 1751 1961; x_wconf 86' lang='lat' dir='ltr'><strong>facile</strong></span> 
     </span>
     <span class='ocr_line' id='line_1_30' title="bbox 238 1987 1529 2045; baseline -0.002 -13"><span class='ocrx_word' id='word_1_239' title='bbox 238 1989 426 2045; x_wconf 86' lang='lat' dir='ltr'><strong>equidem</strong></span> <span class='ocrx_word' id='word_1_240' title='bbox 459 1989 638 2032; x_wconf 90' lang='lat' dir='ltr'><strong>adducor</strong></span> <span class='ocrx_word' id='word_1_241' title='bbox 668 1996 714 2031; x_wconf 89' lang='lat' dir='ltr'><strong>ut</strong></span> <span class='ocrx_word' id='word_1_242' title='bbox 742 1990 782 2031; x_wconf 91' lang='lat' dir='ltr'><strong>in</strong></span> <span class='ocrx_word' id='word_1_243' title='bbox 815 1989 1057 2032; x_wconf 89' lang='lat' dir='ltr'><strong>sententiam</strong></span> <span class='ocrx_word' id='word_1_244' title='bbox 1091 1988 1279 2030; x_wconf 88' lang='lat' dir='ltr'><strong>Corsseni</strong></span> <span class='ocrx_word' id='word_1_245' title='bbox 1310 1987 1529 2030; x_wconf 87' lang='lat' dir='ltr'><strong>discedam.</strong></span> 
     </span>
    </p>

    <p class='ocr_par' dir='ltr' id='par_1_11' title="bbox 238 2057 1753 2525">
     <span class='ocr_line' id='line_1_31' title="bbox 354 2057 1751 2114; baseline -0.002 -14"><span class='ocrx_word' id='word_1_246' title='bbox 354 2059 514 2109; x_wconf 87' lang='lat' dir='ltr'><strong>Quibus</strong></span> <span class='ocrx_word' id='word_1_247' title='bbox 554 2059 750 2114; x_wconf 84' lang='lat' dir='ltr'><strong>expositis</strong></span> <span class='ocrx_word' id='word_1_248' title='bbox 781 2059 825 2099; x_wconf 93' lang='lat' dir='ltr'><strong>in</strong></span> <span class='ocrx_word' id='word_1_249' title='bbox 855 2059 1091 2100; x_wconf 89' lang='lat' dir='ltr'><strong>universum</strong></span> <span class='ocrx_word' id='word_1_250' title='bbox 1123 2063 1185 2098; x_wconf 88' lang='lat' dir='ltr'><strong>est</strong></span> <span class='ocrx_word' id='word_1_251' title='bbox 1213 2057 1460 2099; x_wconf 89' lang='lat' dir='ltr'><strong>monendum</strong></span> <span class='ocrx_word' id='word_1_252' title='bbox 1490 2057 1639 2099; x_wconf 85' lang='lat' dir='ltr'><strong>formas</strong></span> <span class='ocrx_word' id='word_1_253' title='bbox 1669 2070 1751 2098; x_wconf 88' lang='lat' dir='ltr'><strong>ser-</strong></span> 
     </span>
     <span class='ocr_line' id='line_1_32' title="bbox 238 2126 1752 2182; baseline -0.001 -12"><span class='ocrx_word' id='word_1_254' title='bbox 238 2128 374 2171; x_wconf 89' lang='lat' dir='ltr'><strong>monis</strong></span> <span class='ocrx_word' id='word_1_255' title='bbox 424 2127 608 2181; x_wconf 82' lang='lat' dir='ltr'><strong>vulgaris</strong></span> <span class='ocrx_word' id='word_1_256' title='bbox 658 2127 722 2169; x_wconf 91' lang='lat' dir='ltr'><strong>vel</strong></span> <span class='ocrx_word' id='word_1_257' title='bbox 773 2127 916 2169; x_wconf 85' lang='lat' dir='ltr'><strong>rustici</strong></span> <span class='ocrx_word' id='word_1_258' title='bbox 966 2127 1148 2182; x_wconf 91' lang='lat' dir='ltr'><strong>priorum</strong></span> <span class='ocrx_word' id='word_1_259' title='bbox 1199 2131 1428 2181; x_wconf 88' lang='lat' dir='ltr'><strong>temporum</strong></span> <span class='ocrx_word' id='word_1_260' title='bbox 1481 2126 1609 2181; x_wconf 85' lang='lat' dir='ltr'><strong>poetis</strong></span> <span class='ocrx_word' id='word_1_261' title='bbox 1652 2126 1752 2168; x_wconf 81' lang='lat' dir='ltr'><strong>satis</strong></span> 
     </span>
     <span class='ocr_line' id='line_1_33' title="bbox 239 2191 1753 2249; baseline -0.002 -11"><span class='ocrx_word' id='word_1_262' title='bbox 239 2197 418 2239; x_wconf 88' lang='lat' dir='ltr'><strong>usitatas</strong></span> <span class='ocrx_word' id='word_1_263' title='bbox 469 2195 676 2237; x_wconf 87' lang='lat' dir='ltr'><strong>Catullum</strong></span> <span class='ocrx_word' id='word_1_264' title='bbox 729 2197 811 2237; x_wconf 82' lang='lat' dir='ltr'><strong>fere</strong></span> <span class='ocrx_word' id='word_1_265' title='bbox 862 2196 1054 2239; x_wconf 88' lang='lat' dir='ltr'><strong>ultimum</strong></span> <span class='ocrx_word' id='word_1_266' title='bbox 1106 2195 1231 2235; x_wconf 85' lang='lat' dir='ltr'><strong>fuisse</strong></span> <span class='ocrx_word' id='word_1_267' title='bbox 1271 2193 1340 2248; x_wconf 90' lang='lat' dir='ltr'><strong>qui</strong></span> <span class='ocrx_word' id='word_1_268' title='bbox 1370 2191 1522 2249; x_wconf 84' lang='lat' dir='ltr'><strong>passim</strong></span> <span class='ocrx_word' id='word_1_269' title='bbox 1554 2194 1633 2236; x_wconf 90' lang='lat' dir='ltr'><strong>sibi</strong></span> <span class='ocrx_word' id='word_1_270' title='bbox 1662 2207 1753 2236; x_wconf 91' lang='lat' dir='ltr'><strong>con·</strong></span> 
     </span>
     <span class='ocr_line' id='line_1_34' title="bbox 240 2263 1751 2320; baseline -0.001 -13"><span class='ocrx_word' id='word_1_271' title='bbox 240 2265 424 2307; x_wconf 84' lang='lat' dir='ltr'><strong>cederet:</strong></span> <span class='ocrx_word' id='word_1_272' title='bbox 476 2279 571 2306; x_wconf 91' lang='lat' dir='ltr'><strong>nam</strong></span> <span class='ocrx_word' id='word_1_273' title='bbox 621 2267 824 2320; x_wconf 84' lang='lat' dir='ltr'><strong>perfectae</strong></span> <span class='ocrx_word' id='word_1_274' title='bbox 874 2266 1008 2319; x_wconf 90' lang='lat' dir='ltr'><strong>poesis</strong></span> <span class='ocrx_word' id='word_1_275' title='bbox 1045 2270 1230 2306; x_wconf 87' lang='lat' dir='ltr'><strong>auctores</strong></span> <span class='ocrx_word' id='word_1_276' title='bbox 1261 2263 1448 2315; x_wconf 86' lang='lat' dir='ltr'><strong>Augusto</strong></span> <span class='ocrx_word' id='word_1_277' title='bbox 1478 2263 1670 2317; x_wconf 86' lang='lat' dir='ltr'><strong>aequales</strong></span> <span class='ocrx_word' id='word_1_278' title='bbox 1700 2264 1751 2305; x_wconf 87' lang='lat' dir='ltr'><strong>ab</strong></span> 
     </span>
     <span class='ocr_line' id='line_1_35' title="bbox 240 2331 1750 2388; baseline -0.001 -13"><span class='ocrx_word' id='word_1_279' title='bbox 240 2334 329 2376; x_wconf 90' lang='lat' dir='ltr'><strong>illis</strong></span> <span class='ocrx_word' id='word_1_280' title='bbox 382 2333 557 2375; x_wconf 82' lang='lat' dir='ltr'><strong>licentiis</strong></span> <span class='ocrx_word' id='word_1_281' title='bbox 598 2332 729 2388; x_wconf 89' lang='lat' dir='ltr'><strong>quoad</strong></span> <span class='ocrx_word' id='word_1_282' title='bbox 762 2347 843 2375; x_wconf 92' lang='lat' dir='ltr'><strong>non</strong></span> <span class='ocrx_word' id='word_1_283' title='bbox 873 2333 923 2374; x_wconf 87' lang='lat' dir='ltr'><strong>ad</strong></span> <span class='ocrx_word' id='word_1_284' title='bbox 955 2347 1040 2375; x_wconf 84' lang='lat' dir='ltr'><strong>rem</strong></span> <span class='ocrx_word' id='word_1_285' title='bbox 1070 2332 1281 2374; x_wconf 89' lang='lat' dir='ltr'><strong>metricam</strong></span> <span class='ocrx_word' id='word_1_286' title='bbox 1312 2332 1535 2387; x_wconf 84' lang='lat' dir='ltr'><strong>pertinent,</strong></span> <span class='ocrx_word' id='word_1_287' title='bbox 1584 2331 1750 2373; x_wconf 92' lang='lat' dir='ltr'><strong>omnino</strong></span> 
     </span>
     <span class='ocr_line' id='line_1_36' title="bbox 239 2399 1752 2457; baseline -0.001 -14"><span class='ocrx_word' id='word_1_288' title='bbox 239 2418 283 2444; x_wconf 89' lang='lat' dir='ltr'><strong>se</strong></span> <span class='ocrx_word' id='word_1_289' title='bbox 333 2403 643 2452; x_wconf 86' lang='lat' dir='ltr'><strong>abstinuerunt,</strong></span> <span class='ocrx_word' id='word_1_290' title='bbox 695 2403 848 2457; x_wconf 92' lang='lat' dir='ltr'><strong>quippe</strong></span> <span class='ocrx_word' id='word_1_291' title='bbox 887 2403 957 2455; x_wconf 92' lang='lat' dir='ltr'><strong>qui</strong></span> <span class='ocrx_word' id='word_1_292' title='bbox 995 2402 1124 2443; x_wconf 91' lang='lat' dir='ltr'><strong>multo</strong></span> <span class='ocrx_word' id='word_1_293' title='bbox 1156 2401 1381 2442; x_wconf 87' lang='lat' dir='ltr'><strong>accuratius</strong></span> <span class='ocrx_word' id='word_1_294' title='bbox 1412 2414 1533 2454; x_wconf 88' lang='lat' dir='ltr'><strong>quam</strong></span> <span class='ocrx_word' id='word_1_295' title='bbox 1565 2399 1752 2442; x_wconf 88' lang='lat' dir='ltr'><strong>Catullus</strong></span> 
     </span>
     <span class='ocr_line' id='line_1_37' title="bbox 241 2470 1380 2525; baseline -0.003 -13"><span class='ocrx_word' id='word_1_296' title='bbox 241 2471 334 2514; x_wconf 81' lang='lat' dir='ltr'><strong>fecit</strong></span> <span class='ocrx_word' id='word_1_297' title='bbox 365 2471 633 2513; x_wconf 89' lang='lat' dir='ltr'><strong>recentiorem</strong></span> <span class='ocrx_word' id='word_1_298' title='bbox 665 2470 857 2525; x_wconf 88' lang='lat' dir='ltr'><strong>loquendi</strong></span> <span class='ocrx_word' id='word_1_299' title='bbox 886 2484 1070 2512; x_wconf 85' lang='lat' dir='ltr'><strong>normam</strong></span> <span class='ocrx_word' id='word_1_300' title='bbox 1103 2473 1380 2523; x_wconf 85' lang='lat' dir='ltr'><strong>sequerentur.</strong></span> 
     </span>
    </p>
   </div>
   <div class='ocr_carea' id='block_1_10' title="bbox 239 2606 1752 2771">
    <p class='ocr_par' dir='ltr' id='par_1_12' title="bbox 239 2606 1752 2771">
     <span class='ocr_line' id='line_1_38' title="bbox 334 2606 1752 2654; baseline -0.004 -9"><span class='ocrx_word' id='word_1_301' title='bbox 334 2610 366 2654; x_wconf 91' lang='lat' dir='ltr'><strong>l)</strong></span> <span class='ocrx_word' id='word_1_302' title='bbox 408 2611 486 2645; x_wconf 79' lang='lat' dir='ltr'><strong>Alia</strong></span> <span class='ocrx_word' id='word_1_303' title='bbox 515 2611 549 2644; x_wconf 92' lang='lat' dir='ltr'><strong>id</strong></span> <span class='ocrx_word' id='word_1_304' title='bbox 581 2620 690 2654; x_wconf 86' lang='lat' dir='ltr'><strong>genus</strong></span> <span class='ocrx_word' id='word_1_305' title='bbox 724 2610 880 2653; x_wconf 85' lang='lat' dir='ltr'><strong>exempla</strong></span> <span class='ocrx_word' id='word_1_306' title='bbox 913 2610 999 2643; x_wconf 85' lang='lat' dir='ltr'><strong>falso</strong></span> <span class='ocrx_word' id='word_1_307' title='bbox 1024 2610 1102 2642; x_wconf 88' lang='lat' dir='ltr'><strong>olim</strong></span> <span class='ocrx_word' id='word_1_308' title='bbox 1130 2610 1269 2652; x_wconf 83' lang='lat' dir='ltr'><strong>scripta,</strong></span> <span class='ocrx_word' id='word_1_309' title='bbox 1296 2608 1387 2642; x_wconf 84' lang='lat' dir='ltr'><strong>unde</strong></span> <span class='ocrx_word' id='word_1_310' title='bbox 1411 2607 1544 2641; x_wconf 88' lang='lat' dir='ltr'><strong>Nobbio</strong></span> <span class='ocrx_word' id='word_1_311' title='bbox 1569 2606 1609 2641; x_wconf 90' lang='lat' dir='ltr'><strong>de</strong></span> <span class='ocrx_word' id='word_1_312' title='bbox 1636 2607 1752 2641; x_wconf 84' lang='lat' dir='ltr'><strong>metris</strong></span> 
     </span>
     <span class='ocr_line' id='line_1_39' title="bbox 239 2663 1751 2713; baseline -0.003 -10"><span class='ocrx_word' id='word_1_313' title='bbox 239 2669 367 2704; x_wconf 57' lang='lat' dir='ltr'><strong>«satulli</strong></span> <span class='ocrx_word' id='word_1_314' title='bbox 410 2680 441 2713; x_wconf 86' lang='lat' dir='ltr'><strong>p.</strong></span> <span class='ocrx_word' id='word_1_315' title='bbox 471 2668 512 2702; x_wconf 88' lang='grc'><strong>19</strong></span> <span class='ocrx_word' id='word_1_316' title='bbox 550 2667 757 2712; x_wconf 73' lang='lat' dir='ltr'><strong>multiplices</strong></span> <span class='ocrx_word' id='word_1_317' title='bbox 788 2678 917 2702; x_wconf 77' lang='lat' dir='ltr'><strong>errores</strong></span> <span class='ocrx_word' id='word_1_318' title='bbox 950 2668 1015 2701; x_wconf 93' lang='lat' dir='ltr'><strong>orti</strong></span> <span class='ocrx_word' id='word_1_319' title='bbox 1040 2670 1132 2708; x_wconf 87' lang='lat' dir='ltr'><strong>sunt,</strong></span> <span class='ocrx_word' id='word_1_320' title='bbox 1158 2666 1368 2700; x_wconf 59' lang='lat' dir='ltr'><strong>enumeravit</strong></span> <span class='ocrx_word' id='word_1_321' title='bbox 1391 2665 1588 2700; x_wconf 81' lang='lat' dir='ltr'><strong>Schwabius</strong></span> <span class='ocrx_word' id='word_1_322' title='bbox 1614 2663 1751 2706; x_wconf 78' lang='lat' dir='ltr'><strong>Quaest.</strong></span> 
     </span>
     <span class='ocr_line' id='line_1_40' title="bbox 240 2722 1529 2771; baseline -0.004 -10"><span class='ocrx_word' id='word_1_323' title='bbox 240 2728 310 2761; x_wconf 60' lang='lat' dir='ltr'><strong>wat.</strong></span> <span class='ocrx_word' id='word_1_324' title='bbox 336 2726 352 2758; x_wconf 86' lang='lat'>1</span> <span class='ocrx_word' id='word_1_325' title='bbox 378 2737 409 2771; x_wconf 87' lang='lat' dir='ltr'><strong>p.</strong></span> <span class='ocrx_word' id='word_1_326' title='bbox 436 2725 504 2760; x_wconf 82' lang='lat'><strong>229</strong></span> <span class='ocrx_word' id='word_1_327' title='bbox 529 2725 570 2759; x_wconf 88' lang='lat' dir='ltr'><strong>de</strong></span> <span class='ocrx_word' id='word_1_328' title='bbox 596 2725 763 2771; x_wconf 81' lang='lat' dir='ltr'><strong>synizesis</strong></span> <span class='ocrx_word' id='word_1_329' title='bbox 788 2735 854 2758; x_wconf 89' lang='lat' dir='ltr'><strong>usu</strong></span> <span class='ocrx_word' id='word_1_330' title='bbox 881 2724 1070 2759; x_wconf 74' lang='lat' dir='ltr'><strong>Catulliano</strong></span> <span class='ocrx_word' id='word_1_331' title='bbox 1097 2722 1211 2769; x_wconf 89' lang='lat' dir='ltr'><strong>paullo</strong></span> <span class='ocrx_word' id='word_1_332' title='bbox 1239 2723 1337 2757; x_wconf 75' lang='lat' dir='ltr'><strong>aliter</strong></span> <span class='ocrx_word' id='word_1_333' title='bbox 1360 2722 1529 2757; x_wconf 84' lang='lat' dir='ltr'><strong>iudicans.</strong></span> 
     </span>
    </p>
   </div>
   <div class='ocr_carea' id='block_1_11' title="bbox 1383 2796 1923 3104">
    <p class='ocr_par' dir='ltr' id='par_1_13' title="bbox 1383 2796 1923 3104">
     <span class='ocr_line' id='line_1_41' title="bbox 1383 2796 1923 3104; baseline 0 0"><span class='ocrx_word' id='word_1_334' title='bbox 1383 2796 1923 3104; x_wconf 95' lang='lat' dir='ltr'><strong> </strong></span> 
     </span>
    </p>
   </div>
  </div>
 </body>
</html>
