1923 3104
890 85 944 128 67

166 205 365 266 singulari
395 216 606 269 poetarum
636 225 714 254 usu
743 212 959 256 inlustrato
988 211 1366 269 splendidissimam
1394 211 1526 254 lucem
1557 216 1663 254 attu-

166 279 217 323 lit
245 281 524 325 Lachmannus
562 296 705 325 comm.
744 282 859 324 Lucr.
901 297 938 338 p.
974 281 1206 325 158-164.
1269 281 1403 336 Atque
1448 281 1493 323 in
1535 281 1664 337 primo

105 377 133 402 χ,
166 348 373 406 alteroque
402 365 545 406 genere
575 351 645 393 ubi
676 351 929 406 paenultima
957 350 1067 393 vocis
1099 349 1256 405 syllaba
1286 350 1406 405 longa
1428 354 1491 392 est
1514 350 1664 392 vocalis

166 417 234 460 cui
263 425 334 462 aut
362 420 481 475 longa
508 419 663 463 vocalis.
690 419 778 462 sive
799 419 1078 475 diphthOngus
1110 423 1178 461 aut
1202 419 1335 461 brevis
1365 418 1544 461 succedit
1571 423 1665 461 ante

93 493 108 541 j
167 488 376 543 proximae
405 488 599 530 dictionis
629 488 819 538 vocalem,
851 488 954 529 nihil
984 489 1152 530 huiusce
1181 486 1294 529 modi
1315 501 1478 542 prorsus
1499 487 1666 529 exhibet

43 559 60 565 “’
88 578 91 580 -
117 557 123 559 ”
166 569 240 597 nec
269 556 452 598 Catullus
491 570 565 597 nec
593 556 803 598 Lucretius
834 548 984 612 'utpote
1028 570 1115 598 cum
1157 555 1199 597 in
1237 555 1332 597 aliis
1363 568 1466 609 quae
1497 555 1548 597 ad
1578 568 1665 597 ver-

167 638 286 668 suum
316 624 648 681 compositionem
679 631 864 682 spectant
890 630 977 667 tum
1008 625 1051 666 in
1082 625 1154 666 hac
1186 638 1228 666 re
1259 623 1521 667 cautissimus
1551 638 1665 680 prae-

171 698 234 735 ter
263 699 418 736 ceteros
448 694 676 749 dactylicos.
738 695 900 737 Etenim
942 695 984 736 in
1020 694 1196 736 carmine
1234 693 1321 735 eius
1363 707 1467 748 quae
1497 693 1668 735 adversa

167 836 264 872 sunt
303 845 423 885 quam
465 833 724 880 librariorum
771 838 995 876 commenta
1036 832 1181 873 extrita
1221 831 1384 886 quidem
1415 831 1664 872 Lachmanni

166 899 516 943 emendationibus
548 902 799 945 certissimis,
860 902 907 943 In
937 901 1054 943 tertio
1091 905 1224 942 autem
1261 913 1405 953 genere
1436 912 1515 953 quo
1547 899 1664 957 diph-

165 968 316 1023 thongo
347 969 468 1024 longa
498 970 651 1012 vocalis
681 971 753 1012 vel·
778 971 1050 1026 diphthongus
1081 968 1297 1011 subiicitur
1319 981 1411 1008 cum
1431 968 1552 1023 pauci
1581 968 1665 1009 hia-

165 1041 253 1079 tum
278 1037 514 1094 praeferunt
534 1038 710 1091 elisioni,
741 1038 923 1095 plerique
944 1031 1108 1082 omnino
1130 1051 1218 1079 eam
1239 1040 1449 1092 respuunt,
1482 1036 1666 1079 Catullus

166 1106 332 1159 quidem
370 1120 452 1147 non
499 1107 704 1148 dubitavit
745 1108 924 1162 syllabas
962 1107 1169 1161 contiguas
1200 1106 1264 1146 bis
1294 1105 1481 1160 copulare
1510 1105 1551 1146 in
1584 1119 1664 1147 uno

165 1174 390 1229 eodemque
431 1189 552 1217 versu
593 1176 784 1218 carminis
812 1176 1040 1227 LXVIlIb,
1072 1176 1150 1218 99:
1199 1173 1284 1225 ,sed
1321 1173 1444 1216 Troia
1480 1175 1664 1226 obscena,

166 1243 288 1285 Troia
316 1243 477 1285 infelice
508 1245 740 1298 sepultum‘.
785 1245 848 1286 Ab
878 1245 954 1286 hoc
984 1244 1124 1300 paullo
1145 1243 1353 1287 diversum
1385 1247 1445 1284 est
1475 1248 1665 1296 quartum

165 1325 293 1365 genus
315 1311 421 1366 quod
445 1312 742 1368 diphthongum
765 1312 886 1355 habet
911 1328 1002 1355 cum
1031 1316 1215 1368 correpta
1237 1310 1364 1353 vocali
1395 1310 1667 1355 coniunctam.

0 1397 25 1430 ἓν
152 1381 215 1443 'In
245 1393 324 1435 quo
353 1381 489 1422 tamen
520 1381 794 1437 synaloephen
825 1386 943 1437 poeta
971 1394 1171 1436 nusquam
1202 1380 1367 1421 admisit
1395 1379 1476 1421 nisi
1507 1380 1551 1421 in
1571 1373 1666 1422 ¹ver-

164 1446 278 1505 sibus
299 1450 367 1503 qui
389 1450 580 1491 dicuntur
599 1450 856 1509 intercalares
880 1450 945 1492 vel
977 1447 1289 1509 ἐπιφωνήματα
1320 1448 1544 1490 carminum
1566 1445 1663 1490 LXI

164 1520 206 1558 et
235 1516 364 1559 LXII.
423 1517 595 1573 Scripsit
625 1518 734 1560 enim
764 1519 997 1573 Hymenaee
1023 1518 1185 1572 Hymen
1216 1517 1322 1567 LXI,
1348 1519 1384 1558 4.
1406 1516 1472 1560 39.
1500 1516 1567 1558 49.
1597 1516 1662 1560 59.

0 1585 28 1596 ”“
163 1584 287 1636 LXII,
317 1586 357 1628 5.
393 1588 455 1628 10.
491 1588 555 1628 19.
587 1589 654 1629 25.
687 1589 752 1629 31.
783 1589 849 1630 38.
878 1586 947 1628 48.
979 1589 1046 1629 66.
1094 1586 1329 1641 Hymenaee
1358 1585 1398 1626 io
1429 1584 1537 1636 LXI,
1571 1586 1662 1627 124.

14 1658 17 1660 '
53 1680 56 1682 ψ
169 1653 258 1695 144.
288 1653 384 1696 149.
420 1654 512 1697 154.
547 1656 636 1698 159.
673 1656 759 1698 164.
793 1655 887 1698 169.
922 1656 1015 1697 174.
1052 1655 1260 1698 179.184.
1287 1654 1378 1696 189.
1421 1653 1532 1704 Quae
1551 1652 1661 1709 apud

164 1721 266 1763 alios
310 1722 494 1764 feruntur
535 1723 688 1764 similia
731 1729 771 1765 et
816 1737 1018 1779 perpauca
1061 1728 1156 1764 sunt
1192 1726 1234 1764 et
1283 1722 1400 1775 longe
1445 1722 1664 1763 maximam

15 1783 51 1847 4⁷4
162 1793 322 1846 partem
348 1805 373 1832 e
403 1790 583 1834 fontibus
605 1791 742 1833 Graeci
761 1791 960 1834 sermonis
983 1792 1131 1833 hausta
1161 1790 1209 1832 cf.
1225 1789 1387 1835 Lachm.
1403 1790 1429 1832 l.
1447 1804 1487 1832 n.
1507 1804 1545 1846 p.
1571 1791 1662 1834 163.

18 1858 54 1913 3(
92 1854 96 1903 s
279 1860 314 1902 b.
346 1859 719 1914 Monosyllaborum
741 1861 852 1903 brevi
872 1860 1003 1903 vocali
1031 1851 1416 1916 comprehensorum
1447 1872 1551 1913 quae
1572 1872 1663 1900 cum

76 1962 86 1970 ,.
165 1927 359 1984 correptis
403 1928 629 1988 sequentis,
646 1928 834 1971 dictionis
864 1928 1076 1972 vocalibus
1117 1932 1238 1984 poeta
1285 1941 1515 1969 concurrere
1558 1926 1663 1978 fecit,

0 1983 27 2002 Μ
163 1996 278 2054 nulla
307 2000 439 2055 certae
469 1995 564 2039 fidei
600 1997 789 2054 exempla
818 1997 1069 2040 inveni'nisi
1091 2000 1266 2051 quatuor
1288 1995 1353 2037 his
1374 1995 1477 2049 locis·
1493 1994 1664 2048 LXIIII,

165 2065 256 2108 145.
290 2056 399 2117 254,
432 2066 651 2116 LXVIIIa,
695 2068 762 2109 37.
807 2064 1025 2117 LXVIIIb,
1057 2066 1124 2107 87.
1185 2064 1372 2105 Totidem
1414 2065 1496 2105 fere
1541 2065 1664 2107 habet

161 2133 206 2176 in
235 2133 314 2176 hoc
340 2132 527 2176 elisionis
564 2147 707 2188 genere
750 2133 935 2190 exempla
964 2132 1186 2175 Lucretius.
1223 2158 1272 2163 —
1303 2132 1432 2174 Multo
1464 2146 1558 2175 vero
1589 2132 1663 2175 mi—

161 2215 303 2256 norem
332 2201 556 2243 cautionem
588 2202 776 2244 adhibuit
797 2202 982 2244 Catullus
1002 2202 1046 2242 in
1063 2202 1258 2244 *brevium
1289 2201 1664 2256 monosyllaborum
1711 2235 1715 2237 -

3 2242 56 2286 '‘⁸“
80 2298 84 2300 -
162 2269 372 2313 collisione
403 2283 495 2324 cum
521 2270 652 2312 vocali
683 2270 879 2326 producta
898 2275 944 2312 ut
964 2270 1167 2313 docebunt
1195 2269 1428 2312 testimonia
1457 2269 1530 2311 illa
1559 2270 1662 2313 loco·

161 2352 256 2381 rum
284 2339 316 2391 I,
347 2337 534 2389 5.,’ΧΙΙΙ,
570 2340 630 2381 11.
659 2339 753 2390 XV,
788 2341 851 2383 18.
882 2338 1083 2389 XXVIII,
1115 2340 1154 2381 4.
1185 2337 1446 2389 XXXVIIII,
1468 2339 1508 2382 3.
1539 2337 1662 2390 LVII,

32 981 38 986 ·
24 915 54 924 1
28 864 30 866 ·
22 816 47 836 '³
37 791 39 794 -
19 577 55 765 ..²··2²..‘.2··÷;‘.{*221.3

162 2410 199 2451 8.
225 2406 361 2458 LXII,
390 2409 457 2450 45.
479 2409 548 2451 56.
579 2422 671 2449 cum
699 2412 856 2451 interea.
877 2408 1047 2458 LXIIII,
1069 2408 1152 2451 305
1182 2407 1222 2448 in
1254 2407 1383 2462 primo
1413 2407 1516 2463 pede
1545 2408 1662 2450 hexa—

161 2475 296 2528 metri,
341 2475 412 2517 ubi
466 2489 624 2531 perraro
676 2476 788 2518 locus
837 2481 900 2518 est
949 2475 1230 2532 synaloephes.
1262 2489 1377 2531 porro
1424 2474 1544 2526 LXV,
1595 2478 1661 2519 22.

161 2542 326 2595 LXVII,
343 2544 410 2586 42.
443 2543 654 2593 LXV111a‚
672 2546 735 2588 16.
766 2544 929 2595 LXXX,
953 2546 992 2587 8.
1023 2543 1256 2594 LXXXVl,
1280 2546 1306 2587 6
1336 2544 1432 2585 item
1460 2544 1502 2585 in
1533 2544 1664 2600 prima

27 2663 31 2666 ἡ
162 2624 307 2669 versus
337 2610 445 2654 sede.
477 2611 655 2666 denique
685 2614 782 2654 dum
811 2616 943 2653 omnia
972 2611 1140 2662 CXIHI,
1173 2612 1211 2654 5.
1244 2636 1296 2642 -
1326 2612 1491 2653 Parcior
1530 2615 1591 2652 est
1619 2611 1662 2652 in

0 2678 70 2737 4⁴·
109 2720 113 2725 .
163 2693 209 2723 eo
265 2693 408 2735 genere
465 2692 544 2734 quo
605 2683 784 2737 correpta
840 2679 1113 2736 monosyllabi
1173 2680 1322 2723 vocalis
1383 2679 1664 2723 commiscetur

1 2747 84 2808 m
115 2740 274 2791 scum'
301 2748 495 2803 producta
542 2749 848 2804 monosyllabi..
919 2749 1023 2790 Nam
1081 2753 1254 2802 quatuor
1321 2754 1479 2791 tantum
1529 2756 1666 2790 exem·

10 2817 75 2881 ξ’
165 2816 246 2873 plis
297 2816 479 2873 syllabas
535 2822 723 2860 coeuntes
781 2818 838 2860 ita
894 2817 1007 2860 elisit
1063 2817 1123 2870 II,
1170 2818 1206 2861 2.
1271 2817 1542 2869 XXXXIIII,
1597 2820 1658 2861 14.

44 2883 79 2901 *⁵⁴
1409 2884 1457 2922 5*

124 758 128 763 ’
167 761 355 813 videntur
383 776 471 805 esse
501 763 559 805 illi
591 764 735 806 rationi
766 763 964 820 exempla,
992 777 1072 805 non
1102 768 1187 804 tam
1217 762 1348 818 ipsius
1378 766 1521 818 poetae
1543 764 1667 805 verba
1693 780 1695 782 ·
1752 783 1753 786 =
