1923 3104
928 66 982 110 10

198 194 344 237 Calvos
384 193 500 247 LIII,
543 194 583 236 3.
625 207 752 236 novos
796 193 908 246 LXI,
951 193 1020 236 54.
1061 193 1148 236 volt
1189 193 1343 237 ibidem
1389 193 1486 237 209.
1531 164 1714 251 aequom>

198 263 334 315 LXII,
372 265 441 307 60.
480 263 695 306 convolsus
730 262 829 304 ibid.
866 262 924 304 40
959 261 1087 305 codex
1124 263 1291 307 exhibet
1318 263 1537 307 Thuaneus
1570 264 1613 306 in
1642 274 1725 306 re·*
1839 264 1886 322 »1ξρῥῖ

196 332 384 374 censione
413 332 536 373 huius
566 330 759 372 carminis
784 330 949 386 plurimi
970 331 1262 383 aestimandus,
1292 331 1357 373 cui
1377 331 1708 388 obtemperarunt
1836 334 1837 337 ’

198 400 384 452 Vossius,
414 399 618 455 Hauptius
650 398 719 454 (cf.
743 400 904 450 Quaest.
933 399 1020 440 Cat.
1055 413 1095 455 p.
1120 400 1194 456 28)
1224 401 1402 456 Heysius
1423 400 1706 442 Lachmannus

198 469 366 523 reliquis
396 467 602 521 vulgatam
639 467 853 509 lectionem
889 472 1109 518 ,contusus‘
1141 469 1425 513 retinentibus,
1484 469 1607 511 Porro
1638 469 1706 511 de-

198 537 320 579 volsit
359 536 513 588 LXIII,
553 536 578 577 5
615 550 666 577 ex
705 536 986 578 emendatione
1021 536 1215 593 Hauptii,
1255 537 1418 588 Quaest.
1451 538 1535 582 Cat.
1569 552 1605 594 p.
1638 538 1704 581 70.

198 610 309 648 tuom
346 604 446 647 ibid.
485 606 511 647 9
549 604 724 647 correxit
761 605 1047 648 Lachmannus
1092 606 1162 661 (cf.
1208 606 1261 648 ad
1296 607 1412 648 Lucr.
1453 621 1493 663 p.
1532 607 1635 661 241)
1666 610 1708 647 61

198 673 387 716 similiter
427 679 522 715 tuos
559 673 612 715 92
644 673 881 715 Schwabius
912 688 961 715 ex
992 679 1064 715 tuo
1096 674 1202 729 quod
1234 675 1519 717 Germanensis
1550 674 1709 717 0011161·-

197 742 309 784 tinus
339 741 522 784 Datanus
553 741 707 796 legunt,
739 742 947 784 revocavit
959 742 1013 799 ¹);
1045 742 1206 785 divolso
1233 743 1401 795 LXIIII,
1433 744 1529 786 257.
1559 756 1709 786 vacuos

196 811 295 852 ibid.
343 810 425 853 288
472 810 521 851 de
564 811 793 852 certissima
831 811 1063 853 coniectura
1091 811 1268 866 Bergkii.
1300 825 1426 866 equos
1457 812 1606 864 LXVI,
1637 812 1705 864 54,

195 892 319 934 quom
350 880 404 922 79
434 893 506 935 pro
537 893 657 934 quem
687 878 892 934 Hauptius
922 892 1097 934 eumque
1127 884 1290 922 secutus
1321 879 1558 923 Schwabius
1578 912 1588 931 ‚
1622 879 1709 922 vol-

196 948 349 990 turium
378 947 590 998 LXVIIIb,
625 948 724 998 124,
764 949 833 989 sed
868 947 1017 1000 CVIII,
1050 949 1077 989 4
1108 948 1298 991 vulturio.
1357 949 1416 991 Ut
1444 963 1539 991 vero
1569 948 1613 990 in
1642 948 1709 990 his

196 1016 340 1058 formis
370 1016 435 1057 vel
471 1023 609 1072 aperte
644 1016 808 1058 traditis
839 1015 906 1057 vel
938 1016 1039 1057 scite
1069 1016 1262 1071 repositis
1294 1016 1500 1058 Catullum
1530 1030 1709 1073 pronun-

196 1085 409 1127 tiationem
440 1085 648 1140 vulgarem
694 1089 878 1127 secutum
924 1098 1012 1127 esse
1060 1084 1174 1126 nulla
1203 1089 1266 1127 est
1295 1084 1497 1128 dubitatio
1530 1111 1582 1116 —
1615 1099 1710 1128 nam

196 1154 236 1195 in
280 1153 373 1195 aliis
410 1154 497 1196 eius
542 1154 654 1196 modi
690 1154 858 1196 vocibus
901 1153 1050 1208 ubique
1095 1153 1290 1195 recentior
1325 1154 1531 1197 scribendi
1560 1168 1705 1197 norma

196 1223 318 1265 fidem
352 1223 478 1266 habet
509 1248 561 1255 ——
604 1223 662 1266 ita
696 1223 957 1265 librariorum
992 1222 1179 1265 inscitiae
1219 1223 1287 1265 vel
1329 1223 1454 1265 errori
1499 1223 1701 1267 debentur

196 1292 296 1334 talia
334 1292 471 1346 qualia
507 1296 603 1333 sunt
642 1306 760 1343 ,meos
795 1291 967 1333 crimina
997 1291 1144 1333 Calvos
1175 1291 1427 1347 explicasset‘
1458 1292 1575 1344 LIII,
1612 1292 1637 1334 3
1669 1296 1710 1334 et

197 1366 249 1412 ,te
284 1360 435 1402 timens
471 1360 671 1415 cupidano
695 1375 765 1402 vos
816 1359 821 1415 Ι
869 1364 1007 1416 captat
1026 1374 1124 1402 aure
1144 1363 1325 1401 maritos‘
1347 1360 1452 1411 LXI,
1484 1361 1540 1403 54
1561 1374 1620 1416 sq.
1638 1361 1711 1403 ubi

197 1429 348 1470 formas
377 1428 471 1469 illas
500 1443 606 1469 meos
636 1432 675 1470 61
703 1433 871 1470 maritos
902 1443 952 1470 ex
983 1429 1091 1470 male
1121 1428 1336 1470 intellectis
1367 1428 1508 1470 calvos
1529 1434 1569 1471 et
1589 1444 1711 1470 novos

197 1498 237 1538 h.
270 1512 303 1540 6.
345 1497 496 1538 Calvus
535 1501 575 1537 et
609 1511 739 1538 novus
775 1498 972 1552 profectas
1014 1511 1104 1539 esse
1141 1511 1215 1538 sua
1245 1497 1415 1551 quisque
1445 1501 1589 1552 sponte
1622 1512 1712 1553 per-

198 1565 345 1621 spiciet
374 1564 423 1607 cf.
451 1565 628 1618 Wagner
655 1564 683 1606 1.
715 1580 754 1606 11.
786 1580 826 1620 p.
858 1565 954 1608 448.
1005 1565 1066 1606 De
1094 1569 1179 1607 tota
1207 1579 1251 1606 re
1286 1564 1354 1606 adi
1386 1565 1630 1608 Corssenum
1660 1565 1711 1607 de

198 1638 389 1690 pronunt.
413 1634 543 1684 vocal,
575 1640 728 1675 accent.
753 1634 847 1688 ling.
871 1635 959 1676 Lat.
981 1634 1001 1675 I
1021 1649 1058 1690 p.
1083 1635 1150 1677 71.
1174 1635 1238 1676 73.
1261 1634 1299 1675 II
1319 1648 1358 1689 p.
1382 1635 1434 1676 97
1457 1647 1543 1689 sqq.
1569 1635 1710 1690 390.²)

313 1702 438 1744 Porro
478 1701 529 1743 ad
566 1716 790 1744 sermonem
821 1703 1033 1757 antiquum
1063 1702 1241 1758 pertinet
1269 1702 1406 1744 littera
1435 1717 1457 1743 o
1489 1716 1563 1758 pro
1598 1717 1636 1753 e,
1674 1702 1711 1744 si
1776 1702 1784 1706 ”
1854 1691 1910 1713 ⁹

198 1784 377 1814 consona
418 1786 441 1811 v
485 1771 721 1827 praecedat,
764 1771 806 1812 in
852 1771 972 1813 certis
1004 1771 1253 1825 quibusdam
1281 1771 1490 1814 vocabulis
1521 1770 1712 1815 collocata

198 1844 244 1882 ut
273 1840 317 1881 in
351 1844 487 1891 vorto,
534 1844 693 1889 vortex,
734 1844 867 1881 voster
897 1844 937 1881 et
966 1853 1068 1894 quae
1099 1844 1195 1881 sunt
1225 1839 1378 1881 similia
1407 1839 1457 1881 cf.
1490 1839 1711 1881 Corssenus

198 1909 226 1951 l.
274 1922 312 1951 n.
362 1908 381 1948 Ι
413 1922 451 1962 p.
482 1909 580 1950 316.
624 1907 666 1947 II
698 1921 736 1962 p.
757 1910 836 1949 Α11.
869 1907 922 1948 28
964 1921 1023 1962 sq.
1060 1909 1126 1951 66.
1188 1907 1376 1949 Catullus
1406 1906 1573 1960 quidem
1604 1907 1712 1948 hunc

198 1976 402 2020 scribendi
444 1990 599 2018 morem
638 1975 681 2017 in
719 1975 957 2031 pronomine
994 1980 1150 2018 tantum
1189 1980 1321 2018 voster
1366 1979 1406 2017 et
1439 1975 1579 2017 formis
1616 1974 1713 2017 inde

198 2045 394 2086 derivatis
425 2045 661 2100 assumpsit,
693 2044 823 2085 veluti
853 2044 957 2086 dixit
987 2050 1127 2097 vostra
1156 2045 1305 2096 XXVI,
1337 2047 1373 2086 1.
1406 2043 1622 2096 XXVIIII,
1647 2046 1712 2088 13.

198 2114 326 2156 vostri
352 2114 436 2165 LV,
470 2115 536 2156 22.
569 2113 675 2163 LXI,
710 2113 807 2154 209.
839 2119 995 2155 vostras
1017 2113 1160 2165 LXVI,
1191 2114 1257 2156 87.
1309 2112 1370 2153 De
1390 2112 1558 2154 veritate
1578 2116 1712 2154 autem

199 2183 456 2237 quarundam
494 2182 642 2222 harum
680 2182 902 2222 formarum
939 2195 989 2222 ne
1025 2182 1116 2235 quis
1146 2181 1323 2232 dubitet,
1361 2180 1616 2222 conferantur
1642 2171 1736 2222 illa

198 2266 302 2305 quae
333 2251 383 2292 de
414 2251 649 2292 confusione
678 2250 964 2305 pronominum
993 2254 1127 2291 nostri
1152 2254 1192 2290 et
1221 2253 1353 2290 vostri
1369 2249 1413 2290 in
1434 2249 1552 2290 libris
1572 2253 1713 2303 poetae

199 2319 445 2362 Veronensis
476 2318 806 2373 frequentissima
831 2318 1034 2360 subtiliter
1060 2317 1290 2375 disputavit
1311 2317 1520 2369 Schwabe,
1551 2316 1711 2367 Quaest.

200 2389 285 2431 Cat.
315 2390 334 2430 Ι
373 2403 411 2443 p.
445 2389 540 2429 154.
570 2388 788 2430 Poetarum
815 2387 1091 2429 scaenicorum
1118 2401 1241 2429 usum
1269 2386 1400 2428 disces
1422 2400 1472 2427 ex
1494 2386 1712 2428 Ritschelii

199 2457 328 2501 Proll.
361 2457 475 2499 Trin.
507 2471 547 2513 p.
579 2456 698 2500 XCV.

291 2655 327 2698 1)
365 2655 578 2699 Quamquam
614 2654 675 2688 has
700 2655 939 2697 pronominum
975 2654 1101 2688 formas
1127 2658 1203 2685 tuuc
1228 2658 1316 2685 tuum
1339 2663 1421 2685 suus
1445 2664 1540 2686 suum
1563 2655 1603 2687 ut
1632 2654 1713 2697 pote

200 2714 291 2748 vitae
328 2712 577 2748 consuetudine
616 2711 777 2746 facillime
813 2712 938 2746 inlatas
977 2712 1088 2755 excipi
1112 2711 1232 2746 volunt
1260 2710 1403 2746 Ritschl.
1428 2710 1528 2745 Proll.
1555 2710 1649 2745 Trin.
1674 2720 1709 2753 p.

201 2770 316 2805 XCllll
342 2781 392 2815 sq.
419 2773 454 2804 et
477 2770 721 2804 Fleckeisenus
747 2780 800 2813 ep.
825 2770 899 2804 crit.
924 2780 956 2813 p.
983 2769 1078 2804 Vllll.

293 2826 328 2873 2)
352 2828 388 2862 111
413 2828 496 2863 locis
521 2827 669 2862 citandis
693 2827 819 2872 ubique
844 2827 951 2862 altera
977 2827 1051 2861 eius
1076 2826 1224 2861 editione
1248 2825 1388 2860 utimur.
