<?xml version="1.0" encoding="UTF-8"?>
<!DOCTYPE html PUBLIC "-//W3C//DTD XHTML 1.0 Transitional//EN"
    "http://www.w3.org/TR/xhtml1/DTD/xhtml1-transitional.dtd">
<html xmlns="http://www.w3.org/1999/xhtml" xml:lang="en" lang="en">
 <head>
  <title>
</title>
<meta http-equiv="Content-Type" content="text/html;charset=utf-8" />
  <meta name='ocr-system' content='tesseract 3.04.00' />
  <meta name='ocr-capabilities' content='ocr_page ocr_carea ocr_par ocr_line ocrx_word'/>
</head>
<body>
  <div class='ocr_page' id='page_1' title='image "4737845_0044.png"; bbox 0 0 1923 3104; ppageno 0'>
   <div class='ocr_carea' id='block_1_1' title="bbox 0 0 453 473">
    <p class='ocr_par' dir='ltr' id='par_1_1' title="bbox 0 0 453 473">
     <span class='ocr_line' id='line_1_1' title="bbox 0 0 453 386; baseline 0 -198"><span class='ocrx_word' id='word_1_1' title='bbox 0 0 453 386; x_wconf 95' lang='lat' dir='ltr'>    </span> 
     </span>
     <span class='ocr_line' id='line_1_2' title="bbox 0 386 79 473; baseline 0 0"><span class='ocrx_word' id='word_1_2' title='bbox 0 386 79 473; x_wconf 95' lang='lat' dir='ltr'>  </span> 
     </span>
    </p>
   </div>
   <div class='ocr_carea' id='block_1_2' title="bbox 860 108 910 151">
    <p class='ocr_par' dir='ltr' id='par_1_2' title="bbox 860 108 910 151">
     <span class='ocr_line' id='line_1_3' title="bbox 860 108 910 151; baseline -0.04 0"><span class='ocrx_word' id='word_1_3' title='bbox 860 108 910 151; x_wconf 84' lang='lat'>31</span> 
     </span>
    </p>
   </div>
   <div class='ocr_carea' id='block_1_3' title="bbox 756 166 1027 173">
    <p class='ocr_par' dir='ltr' id='par_1_3' title="bbox 756 166 1027 173">
     <span class='ocr_line' id='line_1_4' title="bbox 756 166 1027 173; baseline 0 2931"><span class='ocrx_word' id='word_1_4' title='bbox 756 166 1027 173; x_wconf 95' lang='lat' dir='ltr'> </span> 
     </span>
    </p>
   </div>
   <div class='ocr_carea' id='block_1_4' title="bbox 121 222 1641 429">
    <p class='ocr_par' dir='ltr' id='par_1_4' title="bbox 91 222 1641 429">
     <span class='ocr_line' id='line_1_5' title="bbox 142 222 1639 290; baseline -0.003 -11.165"><span class='ocrx_word' id='word_1_5' title='bbox 142 222 356 281; x_wconf 62' lang='lat' dir='ltr'>Lucretius</span> <span class='ocrx_word' id='word_1_6' title='bbox 385 234 533 290; x_wconf 76' lang='lat' dir='ltr'>mirum</span> <span class='ocrx_word' id='word_1_7' title='bbox 562 236 758 288; x_wconf 83' lang='lat' dir='ltr'>quantum</span> <span class='ocrx_word' id='word_1_8' title='bbox 787 232 977 275; x_wconf 88' lang='lat' dir='ltr'>delectati</span> <span class='ocrx_word' id='word_1_9' title='bbox 1006 237 1114 284; x_wconf 89' lang='lat' dir='ltr'>sunt,</span> <span class='ocrx_word' id='word_1_10' title='bbox 1144 232 1229 274; x_wconf 87' lang='lat' dir='ltr'>fieri</span> <span class='ocrx_word' id='word_1_11' title='bbox 1258 246 1337 275; x_wconf 89' lang='lat' dir='ltr'>non</span> <span class='ocrx_word' id='word_1_12' title='bbox 1372 232 1505 288; x_wconf 89' lang='lat' dir='ltr'>potuit</span> <span class='ocrx_word' id='word_1_13' title='bbox 1541 233 1639 287; x_wconf 93' lang='lat' dir='ltr'>quin</span> 
     </span>
     <span class='ocr_line' id='line_1_6' title="bbox 121 295 1641 358; baseline -0.002 -12"><span class='ocrx_word' id='word_1_14' title='bbox 121 295 223 358; x_wconf 73' lang='lat' dir='ltr'>,quo</span> <span class='ocrx_word' id='word_1_15' title='bbox 266 301 425 358; x_wconf 88' lang='lat' dir='ltr'>longius</span> <span class='ocrx_word' id='word_1_16' title='bbox 467 302 605 358; x_wconf 86' lang='lat' dir='ltr'>lingua</span> <span class='ocrx_word' id='word_1_17' title='bbox 637 301 888 357; x_wconf 81' lang='lat' dir='ltr'>procederet,</span> <span class='ocrx_word' id='word_1_18' title='bbox 930 314 975 344; x_wconf 93' lang='lat' dir='ltr'>eo</span> <span class='ocrx_word' id='word_1_19' title='bbox 1005 301 1306 356; x_wconf 83' lang='lat' dir='ltr'><strong>angustioribus</strong></span> <span class='ocrx_word' id='word_1_20' title='bbox 1334 314 1463 356; x_wconf 87' lang='lat' dir='ltr'>usque</span> <span class='ocrx_word' id='word_1_21' title='bbox 1491 301 1641 344; x_wconf 87' lang='lat' dir='ltr'>finibus</span> 
     </span>
     <span class='ocr_line' id='line_1_7' title="bbox 143 370 1640 429; baseline -0.002 -15"><span class='ocrx_word' id='word_1_22' title='bbox 143 376 411 429; x_wconf 67' lang='lat' dir='ltr'>coerceretur,</span> <span class='ocrx_word' id='word_1_23' title='bbox 454 371 580 413; x_wconf 87' lang='lat' dir='ltr'>donec</span> <span class='ocrx_word' id='word_1_24' title='bbox 621 370 856 412; x_wconf 88' lang='lat' dir='ltr'>florentibus</span> <span class='ocrx_word' id='word_1_25' title='bbox 886 370 1155 412; x_wconf 89' lang='lat' dir='ltr'>Romanorum</span> <span class='ocrx_word' id='word_1_26' title='bbox 1199 370 1346 411; x_wconf 89' lang='lat' dir='ltr'>litteris</span> <span class='ocrx_word' id='word_1_27' title='bbox 1382 376 1492 411; x_wconf 87' lang='lat' dir='ltr'>certa</span> <span class='ocrx_word' id='word_1_28' title='bbox 1520 371 1563 411; x_wconf 92' lang='lat' dir='ltr'>in</span> <span class='ocrx_word' id='word_1_29' title='bbox 1594 384 1640 411; x_wconf 92' lang='lat' dir='ltr'>eo</span> 
     </span>
    </p>
   </div>
   <div class='ocr_carea' id='block_1_5' title="bbox 142 438 1638 496">
    <p class='ocr_par' dir='ltr' id='par_1_5' title="bbox 0 438 1638 500">
     <span class='ocr_line' id='line_1_8' title="bbox 142 438 1638 496; baseline -0.002 -13.26"><span class='ocrx_word' id='word_1_30' title='bbox 142 452 287 496; x_wconf 82' lang='lat' dir='ltr'>genere</span> <span class='ocrx_word' id='word_1_31' title='bbox 317 438 523 484; x_wconf 90' lang='lat' dir='ltr'>scribendi</span> <span class='ocrx_word' id='word_1_32' title='bbox 552 451 693 480; x_wconf 90' lang='lat' dir='ltr'>norma</span> <span class='ocrx_word' id='word_1_33' title='bbox 722 438 941 481; x_wconf 88' lang='lat' dir='ltr'>constituta</span> <span class='ocrx_word' id='word_1_34' title='bbox 970 442 1041 482; x_wconf 84' lang='lat' dir='ltr'>est.</span> <span class='ocrx_word' id='word_1_35' title='bbox 1093 438 1222 488; x_wconf 88' lang='lat' dir='ltr'>Quam</span> <span class='ocrx_word' id='word_1_36' title='bbox 1252 439 1302 481; x_wconf 94' lang='lat' dir='ltr'>ob</span> <span class='ocrx_word' id='word_1_37' title='bbox 1333 452 1419 480; x_wconf 90' lang='lat' dir='ltr'>rem</span> <span class='ocrx_word' id='word_1_38' title='bbox 1448 438 1638 480; x_wconf 84' lang='lat' dir='ltr'>suffixum</span> 
     </span>
    </p>
   </div>
   <div class='ocr_carea' id='block_1_6' title="bbox 101 506 1648 1862">
    <p class='ocr_par' dir='ltr' id='par_1_6' title="bbox 102 506 1648 1657">
     <span class='ocr_line' id='line_1_9' title="bbox 141 506 1641 562; baseline -0.001 -12"><span class='ocrx_word' id='word_1_39' title='bbox 141 512 162 550; x_wconf 80' lang='lat' dir='ltr'><em>i</em></span> <span class='ocrx_word' id='word_1_40' title='bbox 196 508 419 562; x_wconf 81' lang='lat' dir='ltr'>legitimam</span> <span class='ocrx_word' id='word_1_41' title='bbox 449 507 534 549; x_wconf 89' lang='lat' dir='ltr'>vim</span> <span class='ocrx_word' id='word_1_42' title='bbox 563 511 821 548; x_wconf 90' lang='lat' dir='ltr'>consecutum</span> <span class='ocrx_word' id='word_1_43' title='bbox 850 511 913 548; x_wconf 89' lang='lat' dir='ltr'>est</span> <span class='ocrx_word' id='word_1_44' title='bbox 941 506 984 548; x_wconf 92' lang='lat' dir='ltr'>in</span> <span class='ocrx_word' id='word_1_45' title='bbox 1014 520 1198 549; x_wconf 89' lang='lat' dir='ltr'>sermone</span> <span class='ocrx_word' id='word_1_46' title='bbox 1228 506 1426 562; x_wconf 82' lang='lat' dir='ltr'>pedestri,</span> <span class='ocrx_word' id='word_1_47' title='bbox 1464 510 1510 547; x_wconf 92' lang='lat' dir='ltr'>ut</span> <span class='ocrx_word' id='word_1_48' title='bbox 1549 512 1641 562; x_wconf 88' lang='lat' dir='ltr'>pote</span> 
     </span>
     <span class='ocr_line' id='line_1_10' title="bbox 144 575 1641 631; baseline -0.002 -12"><span class='ocrx_word' id='word_1_49' title='bbox 144 577 217 631; x_wconf 88' lang='lat' dir='ltr'>qui</span> <span class='ocrx_word' id='word_1_50' title='bbox 251 576 380 619; x_wconf 91' lang='lat' dir='ltr'>multo</span> <span class='ocrx_word' id='word_1_51' title='bbox 409 575 521 631; x_wconf 89' lang='lat' dir='ltr'>poesi</span> <span class='ocrx_word' id='word_1_52' title='bbox 551 575 709 617; x_wconf 87' lang='lat' dir='ltr'>enixius</span> <span class='ocrx_word' id='word_1_53' title='bbox 737 575 1000 617; x_wconf 88' lang='lat' dir='ltr'>recentiorem</span> <span class='ocrx_word' id='word_1_54' title='bbox 1028 589 1150 617; x_wconf 91' lang='lat' dir='ltr'>usum</span> <span class='ocrx_word' id='word_1_55' title='bbox 1179 580 1397 617; x_wconf 82' lang='lat' dir='ltr'>sectaretur</span> <span class='ocrx_word' id='word_1_56' title='bbox 1416 575 1641 629; x_wconf 82' lang='lat' dir='ltr'>idcircoque</span> 
     </span>
     <span class='ocr_line' id='line_1_11' title="bbox 144 643 1642 701; baseline 0.001 -15"><span class='ocrx_word' id='word_1_57' title='bbox 144 658 284 686; x_wconf 89' lang='lat' dir='ltr'>omnes</span> <span class='ocrx_word' id='word_1_58' title='bbox 325 644 448 701; x_wconf 82' lang='lat' dir='ltr'>etiam</span> <span class='ocrx_word' id='word_1_59' title='bbox 491 644 647 701; x_wconf 82' lang='lat' dir='ltr'>formas¹</span> <span class='ocrx_word' id='word_1_60' title='bbox 682 644 817 685; x_wconf 86' lang='lat' dir='ltr'>minus</span> <span class='ocrx_word' id='word_1_61' title='bbox 854 647 986 697; x_wconf 89' lang='lat' dir='ltr'>gratas</span> <span class='ocrx_word' id='word_1_62' title='bbox 1015 647 1055 685; x_wconf 91' lang='lat' dir='ltr'>et</span> <span class='ocrx_word' id='word_1_63' title='bbox 1083 643 1284 697; x_wconf 87' lang='lat' dir='ltr'>elegantes</span> <span class='ocrx_word' id='word_1_64' title='bbox 1314 657 1435 698; x_wconf 89' lang='lat' dir='ltr'>quam</span> <span class='ocrx_word' id='word_1_65' title='bbox 1464 644 1642 687; x_wconf 83' lang='lat' dir='ltr'>maxime</span> 
     </span>
     <span class='ocr_line' id='line_1_12' title="bbox 146 712 1641 766; baseline 0 -12"><span class='ocrx_word' id='word_1_66' title='bbox 146 712 326 754; x_wconf 86' lang='lat' dir='ltr'>devitare</span> <span class='ocrx_word' id='word_1_67' title='bbox 376 712 566 756; x_wconf 86' lang='lat' dir='ltr'>studeret.</span> <span class='ocrx_word' id='word_1_68' title='bbox 632 712 780 754; x_wconf 89' lang='lat' dir='ltr'>Contra</span> <span class='ocrx_word' id='word_1_69' title='bbox 826 713 869 753; x_wconf 89' lang='lat' dir='ltr'>in</span> <span class='ocrx_word' id='word_1_70' title='bbox 911 712 1026 766; x_wconf 90' lang='lat' dir='ltr'>poesi</span> <span class='ocrx_word' id='word_1_71' title='bbox 1066 712 1217 753; x_wconf 90' lang='lat' dir='ltr'>veteris</span> <span class='ocrx_word' id='word_1_72' title='bbox 1256 712 1381 753; x_wconf 87' lang='lat' dir='ltr'>moris</span> <span class='ocrx_word' id='word_1_73' title='bbox 1421 713 1641 754; x_wconf 87' lang='lat' dir='ltr'>recordatio</span> 
     </span>
     <span class='ocr_line' id='line_1_13' title="bbox 145 779 1637 836; baseline 0.001 -15"><span class='ocrx_word' id='word_1_74' title='bbox 145 780 263 835; x_wconf 86' lang='lat' dir='ltr'>longe</span> <span class='ocrx_word' id='word_1_75' title='bbox 314 779 470 822; x_wconf 89' lang='lat' dir='ltr'>diutius</span> <span class='ocrx_word' id='word_1_76' title='bbox 509 780 685 822; x_wconf 88' lang='lat' dir='ltr'>obtinuit</span> <span class='ocrx_word' id='word_1_77' title='bbox 723 779 788 822; x_wconf 93' lang='lat' dir='ltr'>vel</span> <span class='ocrx_word' id='word_1_78' title='bbox 831 779 922 822; x_wconf 89' lang='lat' dir='ltr'>ideo</span> <span class='ocrx_word' id='word_1_79' title='bbox 958 780 1064 835; x_wconf 90' lang='lat' dir='ltr'>quod</span> <span class='ocrx_word' id='word_1_80' title='bbox 1104 779 1261 836; x_wconf 88' lang='lat' dir='ltr'>plenior</span> <span class='ocrx_word' id='word_1_81' title='bbox 1298 779 1368 821; x_wconf 90' lang='lat' dir='ltr'>illa</span> <span class='ocrx_word' id='word_1_82' title='bbox 1403 780 1637 823; x_wconf 89' lang='lat' dir='ltr'>terminatio</span> 
     </span>
     <span class='ocr_line' id='line_1_14' title="bbox 107 841 1644 903; baseline -0.001 -11"><span class='ocrx_word' id='word_1_83' title='bbox 107 891 109 893; x_wconf 73' lang='grc'><strong>,</strong></span> <span class='ocrx_word' id='word_1_84' title='bbox 143 849 262 890; x_wconf 88' lang='lat' dir='ltr'>metri</span> <span class='ocrx_word' id='word_1_85' title='bbox 290 849 512 891; x_wconf 87' lang='lat' dir='ltr'>rationibus</span> <span class='ocrx_word' id='word_1_86' title='bbox 540 841 722 903; x_wconf 88' lang='lat' dir='ltr'>quodum</span> <span class='ocrx_word' id='word_1_87' title='bbox 741 849 860 890; x_wconf 91' lang='lat' dir='ltr'>modo</span> <span class='ocrx_word' id='word_1_88' title='bbox 881 848 1251 899; x_wconf 87' lang='lat' dir='ltr'>commendabatur,</span> <span class='ocrx_word' id='word_1_89' title='bbox 1281 849 1388 889; x_wconf 88' lang='lat' dir='ltr'>unde</span> <span class='ocrx_word' id='word_1_90' title='bbox 1408 863 1458 889; x_wconf 91' lang='lat' dir='ltr'>ne</span> <span class='ocrx_word' id='word_1_91' title='bbox 1475 850 1644 891; x_wconf 89' lang='lat' dir='ltr'>nobilis-</span> 
     </span>
     <span class='ocr_line' id='line_1_15' title="bbox 102 914 1643 972; baseline 0.001 -14"><span class='ocrx_word' id='word_1_92' title='bbox 102 929 105 932; x_wconf 51' lang='lat'><em>*</em></span> <span class='ocrx_word' id='word_1_93' title='bbox 145 915 263 958; x_wconf 84' lang='lat' dir='ltr'>simis</span> <span class='ocrx_word' id='word_1_94' title='bbox 294 916 459 972; x_wconf 90' lang='lat' dir='ltr'>quidem</span> <span class='ocrx_word' id='word_1_95' title='bbox 489 930 683 959; x_wconf 91' lang='lat' dir='ltr'>versuum</span> <span class='ocrx_word' id='word_1_96' title='bbox 712 916 931 958; x_wconf 87' lang='lat' dir='ltr'>artificibus</span> <span class='ocrx_word' id='word_1_97' title='bbox 959 919 1187 972; x_wconf 89' lang='lat' dir='ltr'>temporum</span> <span class='ocrx_word' id='word_1_98' title='bbox 1215 915 1392 971; x_wconf 89' lang='lat' dir='ltr'>Augusti</span> <span class='ocrx_word' id='word_1_99' title='bbox 1420 916 1525 959; x_wconf 91' lang='lat' dir='ltr'>sicut</span> <span class='ocrx_word' id='word_1_100' title='bbox 1544 914 1643 959; x_wconf 90' lang='lat' dir='ltr'>Ver-</span> 
     </span>
     <span class='ocr_line' id='line_1_16' title="bbox 145 985 1642 1041; baseline 0.001 -14"><span class='ocrx_word' id='word_1_101' title='bbox 145 985 241 1041; x_wconf 88' lang='lat' dir='ltr'>gilio</span> <span class='ocrx_word' id='word_1_102' title='bbox 272 986 439 1028; x_wconf 87' lang='lat' dir='ltr'>Horatio</span> <span class='ocrx_word' id='word_1_103' title='bbox 469 986 678 1041; x_wconf 91' lang='lat' dir='ltr'>Propertio</span> <span class='ocrx_word' id='word_1_104' title='bbox 708 986 807 1028; x_wconf 85' lang='lat' dir='ltr'>talia</span> <span class='ocrx_word' id='word_1_105' title='bbox 843 985 1031 1041; x_wconf 87' lang='lat' dir='ltr'>exempla</span> <span class='ocrx_word' id='word_1_106' title='bbox 1064 999 1227 1040; x_wconf 88' lang='lat' dir='ltr'>prorsus</span> <span class='ocrx_word' id='word_1_107' title='bbox 1257 985 1416 1027; x_wconf 89' lang='lat' dir='ltr'>desunt.</span> <span class='ocrx_word' id='word_1_108' title='bbox 1475 985 1563 1027; x_wconf 84' lang='lat' dir='ltr'>Iam</span> <span class='ocrx_word' id='word_1_109' title='bbox 1592 986 1642 1028; x_wconf 90' lang='lat' dir='ltr'>ad</span> 
     </span>
     <span class='ocr_line' id='line_1_17' title="bbox 147 1053 1644 1110; baseline 0.001 -15"><span class='ocrx_word' id='word_1_110' title='bbox 147 1053 355 1100; x_wconf 86' lang='lat' dir='ltr'>Catullum</span> <span class='ocrx_word' id='word_1_111' title='bbox 394 1059 441 1096; x_wconf 88' lang='lat' dir='ltr'>ut</span> <span class='ocrx_word' id='word_1_112' title='bbox 478 1058 746 1105; x_wconf 88' lang='lat' dir='ltr'>revertamur,</span> <span class='ocrx_word' id='word_1_113' title='bbox 787 1068 910 1108; x_wconf 90' lang='lat' dir='ltr'>quam</span> <span class='ocrx_word' id='word_1_114' title='bbox 943 1067 1089 1110; x_wconf 91' lang='lat' dir='ltr'>parcus</span> <span class='ocrx_word' id='word_1_115' title='bbox 1126 1054 1193 1095; x_wconf 89' lang='lat' dir='ltr'>hic</span> <span class='ocrx_word' id='word_1_116' title='bbox 1223 1053 1348 1095; x_wconf 85' lang='lat' dir='ltr'>fuerit</span> <span class='ocrx_word' id='word_1_117' title='bbox 1375 1054 1419 1095; x_wconf 94' lang='lat' dir='ltr'>in</span> <span class='ocrx_word' id='word_1_118' title='bbox 1447 1054 1644 1096; x_wconf 89' lang='lat' dir='ltr'>eiusmodi</span> 
     </span>
     <span class='ocr_line' id='line_1_18' title="bbox 103 1122 1644 1176; baseline 0 -12"><span class='ocrx_word' id='word_1_119' title='bbox 103 1128 109 1133; x_wconf 88' lang='lat'>&#39;</span> <span class='ocrx_word' id='word_1_120' title='bbox 145 1123 372 1164; x_wconf 80' lang='lat' dir='ltr'>formarum</span> <span class='ocrx_word' id='word_1_121' title='bbox 402 1122 569 1164; x_wconf 89' lang='lat' dir='ltr'>licentia</span> <span class='ocrx_word' id='word_1_122' title='bbox 598 1123 826 1164; x_wconf 89' lang='lat' dir='ltr'>adhibenda</span> <span class='ocrx_word' id='word_1_123' title='bbox 853 1123 890 1164; x_wconf 89' lang='lat' dir='ltr'>si</span> <span class='ocrx_word' id='word_1_124' title='bbox 909 1123 1133 1164; x_wconf 88' lang='lat' dir='ltr'>conferatur</span> <span class='ocrx_word' id='word_1_125' title='bbox 1154 1136 1246 1163; x_wconf 91' lang='lat' dir='ltr'>cum</span> <span class='ocrx_word' id='word_1_126' title='bbox 1265 1122 1451 1164; x_wconf 90' lang='lat' dir='ltr'>Lucretio</span> <span class='ocrx_word' id='word_1_127' title='bbox 1472 1123 1644 1176; x_wconf 83' lang='lat' dir='ltr'>aequali,</span> 
     </span>
     <span class='ocr_line' id='line_1_19' title="bbox 147 1190 1647 1246; baseline 0.001 -14"><span class='ocrx_word' id='word_1_128' title='bbox 147 1190 326 1234; x_wconf 89' lang='lat' dir='ltr'>breviter</span> <span class='ocrx_word' id='word_1_129' title='bbox 354 1190 527 1232; x_wconf 88' lang='lat' dir='ltr'>indicari</span> <span class='ocrx_word' id='word_1_130' title='bbox 547 1195 700 1246; x_wconf 87' lang='lat' dir='ltr'>potest:</span> <span class='ocrx_word' id='word_1_131' title='bbox 731 1191 940 1233; x_wconf 90' lang='lat' dir='ltr'>Lucretius</span> <span class='ocrx_word' id='word_1_132' title='bbox 961 1190 1072 1233; x_wconf 91' lang='lat' dir='ltr'>enim</span> <span class='ocrx_word' id='word_1_133' title='bbox 1092 1204 1184 1232; x_wconf 89' lang='lat' dir='ltr'>cum</span> <span class='ocrx_word' id='word_1_134' title='bbox 1204 1190 1327 1232; x_wconf 89' lang='lat' dir='ltr'>octies</span> <span class='ocrx_word' id='word_1_135' title='bbox 1349 1194 1389 1232; x_wconf 90' lang='lat' dir='ltr'>et</span> <span class='ocrx_word' id='word_1_136' title='bbox 1409 1190 1647 1246; x_wconf 83' lang='lat' dir='ltr'>quadragies</span> 
     </span>
     <span class='ocr_line' id='line_1_20' title="bbox 146 1258 1646 1314; baseline 0 -14"><span class='ocrx_word' id='word_1_137' title='bbox 146 1258 398 1301; x_wconf 87' lang='lat' dir='ltr'>infinitivum</span> <span class='ocrx_word' id='word_1_138' title='bbox 427 1259 549 1301; x_wconf 91' lang='lat' dir='ltr'>in-ier</span> <span class='ocrx_word' id='word_1_139' title='bbox 577 1259 728 1310; x_wconf 91' lang='lat' dir='ltr'>finivit,</span> <span class='ocrx_word' id='word_1_140' title='bbox 772 1260 956 1302; x_wconf 86' lang='lat' dir='ltr'>Catullus</span> <span class='ocrx_word' id='word_1_141' title='bbox 984 1260 1093 1301; x_wconf 91' lang='lat' dir='ltr'>idem</span> <span class='ocrx_word' id='word_1_142' title='bbox 1123 1273 1205 1301; x_wconf 84' lang='lat' dir='ltr'>nen</span> <span class='ocrx_word' id='word_1_143' title='bbox 1232 1258 1328 1314; x_wconf 90' lang='lat' dir='ltr'>plus</span> <span class='ocrx_word' id='word_1_144' title='bbox 1358 1259 1490 1300; x_wconf 85' lang='lat' dir='ltr'>sexies</span> <span class='ocrx_word' id='word_1_145' title='bbox 1520 1273 1646 1300; x_wconf 91' lang='lat' dir='ltr'>ausus</span> 
     </span>
     <span class='ocr_line' id='line_1_21' title="bbox 146 1326 1647 1383; baseline 0 -15"><span class='ocrx_word' id='word_1_146' title='bbox 146 1330 209 1368; x_wconf 89' lang='lat' dir='ltr'>est</span> <span class='ocrx_word' id='word_1_147' title='bbox 246 1331 288 1368; x_wconf 93' lang='lat' dir='ltr'>et</span> <span class='ocrx_word' id='word_1_148' title='bbox 324 1326 560 1383; x_wconf 89' lang='lat' dir='ltr'>saepissime</span> <span class='ocrx_word' id='word_1_149' title='bbox 602 1327 766 1381; x_wconf 90' lang='lat' dir='ltr'>quidem</span> <span class='ocrx_word' id='word_1_150' title='bbox 802 1327 842 1370; x_wconf 93' lang='lat' dir='ltr'>h.</span> <span class='ocrx_word' id='word_1_151' title='bbox 880 1342 915 1371; x_wconf 89' lang='lat' dir='ltr'>e.</span> <span class='ocrx_word' id='word_1_152' title='bbox 946 1327 1163 1382; x_wconf 87' lang='lat' dir='ltr'>quinquies</span> <span class='ocrx_word' id='word_1_153' title='bbox 1192 1326 1235 1368; x_wconf 90' lang='lat' dir='ltr'>in</span> <span class='ocrx_word' id='word_1_154' title='bbox 1265 1327 1440 1369; x_wconf 86' lang='lat' dir='ltr'>carmine</span> <span class='ocrx_word' id='word_1_155' title='bbox 1469 1326 1647 1383; x_wconf 83' lang='lat' dir='ltr'>nuptiali</span> 
     </span>
     <span class='ocr_line' id='line_1_22' title="bbox 146 1394 1645 1449; baseline -0.001 -12"><span class='ocrx_word' id='word_1_156' title='bbox 146 1394 238 1438; x_wconf 92' lang='lat' dir='ltr'>LXI</span> <span class='ocrx_word' id='word_1_157' title='bbox 278 1395 549 1446; x_wconf 89' lang='lat' dir='ltr'>nitidissimo,</span> <span class='ocrx_word' id='word_1_158' title='bbox 587 1395 712 1436; x_wconf 90' lang='lat' dir='ltr'>semel</span> <span class='ocrx_word' id='word_1_159' title='bbox 749 1396 793 1437; x_wconf 91' lang='lat' dir='ltr'>in</span> <span class='ocrx_word' id='word_1_160' title='bbox 833 1396 1006 1437; x_wconf 92' lang='lat' dir='ltr'>disticho</span> <span class='ocrx_word' id='word_1_161' title='bbox 1044 1395 1231 1449; x_wconf 83' lang='lat' dir='ltr'>elegiacO.</span> <span class='ocrx_word' id='word_1_162' title='bbox 1291 1395 1359 1436; x_wconf 88' lang='lat' dir='ltr'>Sic</span> <span class='ocrx_word' id='word_1_163' title='bbox 1394 1394 1569 1448; x_wconf 87' lang='lat' dir='ltr'>legimus</span> <span class='ocrx_word' id='word_1_164' title='bbox 1603 1396 1645 1436; x_wconf 93' lang='lat' dir='ltr'>in</span> 
     </span>
     <span class='ocr_line' id='line_1_23' title="bbox 146 1461 1646 1519; baseline 0.002 -14"><span class='ocrx_word' id='word_1_165' title='bbox 146 1461 354 1519; x_wconf 79' lang='lat' dir='ltr'>glyconeis</span> <span class='ocrx_word' id='word_1_166' title='bbox 383 1463 488 1515; x_wconf 90' lang='lat' dir='ltr'>LXI,</span> <span class='ocrx_word' id='word_1_167' title='bbox 516 1463 573 1506; x_wconf 79' lang='lat'>42</span> <span class='ocrx_word' id='word_1_168' title='bbox 603 1463 774 1508; x_wconf 88' lang='lat' dir='ltr'>citarier.</span> <span class='ocrx_word' id='word_1_169' title='bbox 805 1463 859 1507; x_wconf 85' lang='lat'>68</span> <span class='ocrx_word' id='word_1_170' title='bbox 889 1463 1042 1506; x_wconf 82' lang='lat' dir='ltr'>vinciet</span> <span class='ocrx_word' id='word_1_171' title='bbox 1063 1463 1128 1506; x_wconf 89' lang='lat' dir='ltr'>vel</span> <span class='ocrx_word' id='word_1_172' title='bbox 1155 1462 1306 1505; x_wconf 87' lang='lat' dir='ltr'>rectius</span> <span class='ocrx_word' id='word_1_173' title='bbox 1327 1462 1494 1506; x_wconf 84' lang='lat' dir='ltr'>fortasse</span> <span class='ocrx_word' id='word_1_174' title='bbox 1513 1467 1646 1508; x_wconf 74' lang='lat' dir='ltr'>nitier.</span> 
     </span>
     <span class='ocr_line' id='line_1_24' title="bbox 145 1531 1644 1588; baseline 0.001 -14"><span class='ocrx_word' id='word_1_175' title='bbox 145 1531 189 1574; x_wconf 91' lang='lat' dir='ltr'>in</span> <span class='ocrx_word' id='word_1_176' title='bbox 218 1532 490 1588; x_wconf 87' lang='lat' dir='ltr'>pherecrateis</span> <span class='ocrx_word' id='word_1_177' title='bbox 513 1534 586 1575; x_wconf 86' lang='grc'>60.</span> <span class='ocrx_word' id='word_1_178' title='bbox 619 1534 685 1575; x_wconf 84' lang='grc'>70.</span> <span class='ocrx_word' id='word_1_179' title='bbox 718 1533 771 1574; x_wconf 86' lang='grc'>75</span> <span class='ocrx_word' id='word_1_180' title='bbox 793 1533 1073 1588; x_wconf 86' lang='lat' dir='ltr'>compararier.</span> <span class='ocrx_word' id='word_1_181' title='bbox 1094 1536 1298 1587; x_wconf 90' lang='lat' dir='ltr'>postremo</span> <span class='ocrx_word' id='word_1_182' title='bbox 1318 1531 1532 1583; x_wconf 68' lang='lat' dir='ltr'>LXVHIb,</span> <span class='ocrx_word' id='word_1_183' title='bbox 1566 1534 1644 1575; x_wconf 91' lang='lat'>141</span> 
     </span>
     <span class='ocr_line' id='line_1_25' title="bbox 148 1600 1648 1657; baseline 0.001 -15"><span class='ocrx_word' id='word_1_184' title='bbox 148 1600 390 1657; x_wconf 90' lang='lat' dir='ltr'>componier.</span> <span class='ocrx_word' id='word_1_185' title='bbox 469 1600 519 1642; x_wconf 92' lang='lat' dir='ltr'>In</span> <span class='ocrx_word' id='word_1_186' title='bbox 567 1600 633 1643; x_wconf 89' lang='lat' dir='ltr'>his</span> <span class='ocrx_word' id='word_1_187' title='bbox 671 1605 869 1655; x_wconf 89' lang='lat' dir='ltr'>quantum</span> <span class='ocrx_word' id='word_1_188' title='bbox 899 1605 1021 1657; x_wconf 89' lang='lat' dir='ltr'>poeta</span> <span class='ocrx_word' id='word_1_189' title='bbox 1048 1605 1179 1643; x_wconf 89' lang='lat' dir='ltr'>metro</span> <span class='ocrx_word' id='word_1_190' title='bbox 1209 1600 1471 1652; x_wconf 85' lang='lat' dir='ltr'>concesserit,</span> <span class='ocrx_word' id='word_1_191' title='bbox 1521 1615 1572 1643; x_wconf 89' lang='lat' dir='ltr'>ex</span> <span class='ocrx_word' id='word_1_192' title='bbox 1601 1615 1648 1643; x_wconf 93' lang='lat' dir='ltr'>eo</span> 
     </span>
    </p>

    <p class='ocr_par' dir='ltr' id='par_1_7' title="bbox 101 1660 1648 1862">
     <span class='ocr_line' id='line_1_26' title="bbox 149 1660 1647 1722; baseline 0.001 -12"><span class='ocrx_word' id='word_1_193' title='bbox 149 1660 319 1722; x_wconf 81' lang='lat' dir='ltr'>colligas</span> <span class='ocrx_word' id='word_1_194' title='bbox 357 1669 466 1722; x_wconf 91' lang='lat' dir='ltr'>quod</span> <span class='ocrx_word' id='word_1_195' title='bbox 506 1682 644 1710; x_wconf 89' lang='lat' dir='ltr'>omnes</span> <span class='ocrx_word' id='word_1_196' title='bbox 671 1669 866 1711; x_wconf 89' lang='lat' dir='ltr'>infinitivi</span> <span class='ocrx_word' id='word_1_197' title='bbox 895 1670 938 1710; x_wconf 91' lang='lat' dir='ltr'>in</span> <span class='ocrx_word' id='word_1_198' title='bbox 969 1683 1017 1710; x_wconf 88' lang='lat' dir='ltr'>ea</span> <span class='ocrx_word' id='word_1_199' title='bbox 1044 1681 1185 1711; x_wconf 90' lang='lat' dir='ltr'>versus</span> <span class='ocrx_word' id='word_1_200' title='bbox 1215 1668 1311 1710; x_wconf 88' lang='lat' dir='ltr'>sede</span> <span class='ocrx_word' id='word_1_201' title='bbox 1339 1668 1521 1710; x_wconf 87' lang='lat' dir='ltr'>collocati</span> <span class='ocrx_word' id='word_1_202' title='bbox 1551 1673 1647 1711; x_wconf 91' lang='lat' dir='ltr'>sunt</span> 
     </span>
     <span class='ocr_line' id='line_1_27' title="bbox 101 1730 1645 1793; baseline 0 -14"><span class='ocrx_word' id='word_1_203' title='bbox 101 1730 104 1733; x_wconf 39' lang='lat'><em>⁴</em></span> <span class='ocrx_word' id='word_1_204' title='bbox 148 1750 252 1791; x_wconf 89' lang='lat' dir='ltr'>quae</span> <span class='ocrx_word' id='word_1_205' title='bbox 303 1736 545 1792; x_wconf 87' lang='lat' dir='ltr'>dactylicum</span> <span class='ocrx_word' id='word_1_206' title='bbox 595 1751 755 1793; x_wconf 88' lang='lat' dir='ltr'>semper</span> <span class='ocrx_word' id='word_1_207' title='bbox 802 1737 948 1793; x_wconf 91' lang='lat' dir='ltr'>pedem</span> <span class='ocrx_word' id='word_1_208' title='bbox 997 1736 1178 1793; x_wconf 82' lang='lat' dir='ltr'>exposcit</span> <span class='ocrx_word' id='word_1_209' title='bbox 1217 1736 1457 1791; x_wconf 87' lang='lat' dir='ltr'>vulgaribus</span> <span class='ocrx_word' id='word_1_210' title='bbox 1506 1737 1645 1780; x_wconf 85' lang='lat' dir='ltr'>formis</span> 
     </span>
     <span class='ocr_line' id='line_1_28' title="bbox 147 1804 1648 1862; baseline 0.001 -16"><span class='ocrx_word' id='word_1_211' title='bbox 147 1805 260 1848; x_wconf 88' lang='lat' dir='ltr'>nullo</span> <span class='ocrx_word' id='word_1_212' title='bbox 309 1805 429 1848; x_wconf 90' lang='lat' dir='ltr'>modo</span> <span class='ocrx_word' id='word_1_213' title='bbox 479 1805 683 1862; x_wconf 88' lang='lat' dir='ltr'>expletum</span> <span class='ocrx_word' id='word_1_214' title='bbox 732 1806 780 1849; x_wconf 89' lang='lat' dir='ltr'>cf.</span> <span class='ocrx_word' id='word_1_215' title='bbox 815 1806 956 1848; x_wconf 90' lang='lat' dir='ltr'>Horat.</span> <span class='ocrx_word' id='word_1_216' title='bbox 989 1805 1119 1847; x_wconf 90' lang='lat' dir='ltr'>Carm.</span> <span class='ocrx_word' id='word_1_217' title='bbox 1151 1805 1252 1857; x_wconf 91' lang='lat' dir='ltr'>IIII,</span> <span class='ocrx_word' id='word_1_218' title='bbox 1288 1807 1352 1848; x_wconf 93' lang='grc'>11.</span> <span class='ocrx_word' id='word_1_219' title='bbox 1383 1804 1423 1847; x_wconf 91' lang='grc'>8.</span> <span class='ocrx_word' id='word_1_220' title='bbox 1456 1806 1648 1862; x_wconf 86' lang='lat' dir='ltr'>,spargier</span> 
     </span>
    </p>
   </div>
   <div class='ocr_carea' id='block_1_7' title="bbox 149 1874 1647 1929">
    <p class='ocr_par' dir='ltr' id='par_1_8' title="bbox 9 1864 1647 1929">
     <span class='ocr_line' id='line_1_29' title="bbox 149 1874 1647 1929; baseline 0.002 -14.744"><span class='ocrx_word' id='word_1_221' title='bbox 149 1878 266 1928; x_wconf 88' lang='lat' dir='ltr'>agno‘</span> <span class='ocrx_word' id='word_1_222' title='bbox 315 1874 358 1914; x_wconf 90' lang='lat' dir='ltr'>in</span> <span class='ocrx_word' id='word_1_223' title='bbox 397 1888 519 1916; x_wconf 88' lang='lat' dir='ltr'>versu</span> <span class='ocrx_word' id='word_1_224' title='bbox 565 1874 724 1916; x_wconf 92' lang='lat' dir='ltr'>Adonio</span> <span class='ocrx_word' id='word_1_225' title='bbox 773 1879 814 1916; x_wconf 92' lang='lat' dir='ltr'>et</span> <span class='ocrx_word' id='word_1_226' title='bbox 857 1888 960 1929; x_wconf 90' lang='lat' dir='ltr'>quae</span> <span class='ocrx_word' id='word_1_227' title='bbox 1008 1874 1130 1915; x_wconf 88' lang='lat' dir='ltr'>huius</span> <span class='ocrx_word' id='word_1_228' title='bbox 1177 1874 1334 1929; x_wconf 87' lang='lat' dir='ltr'>generis</span> <span class='ocrx_word' id='word_1_229' title='bbox 1370 1874 1522 1916; x_wconf 87' lang='lat' dir='ltr'>similia</span> <span class='ocrx_word' id='word_1_230' title='bbox 1550 1878 1647 1917; x_wconf 90' lang='lat' dir='ltr'>sunt</span> 
     </span>
    </p>
   </div>
   <div class='ocr_carea' id='block_1_8' title="bbox 149 1942 1647 2137">
    <p class='ocr_par' dir='ltr' id='par_1_9' title="bbox 149 1942 1647 2137">
     <span class='ocr_line' id='line_1_30' title="bbox 149 1942 1645 1999; baseline 0.002 -15"><span class='ocrx_word' id='word_1_231' title='bbox 149 1946 335 1985; x_wconf 88' lang='lat' dir='ltr'>accurate</span> <span class='ocrx_word' id='word_1_232' title='bbox 363 1942 535 1984; x_wconf 89' lang='lat' dir='ltr'>collecta</span> <span class='ocrx_word' id='word_1_233' title='bbox 562 1956 587 1984; x_wconf 87' lang='lat' dir='ltr'>a</span> <span class='ocrx_word' id='word_1_234' title='bbox 614 1942 768 1985; x_wconf 90' lang='lat' dir='ltr'>Prollio</span> <span class='ocrx_word' id='word_1_235' title='bbox 796 1958 836 1999; x_wconf 86' lang='lat' dir='ltr'>p.</span> <span class='ocrx_word' id='word_1_236' title='bbox 868 1943 1036 1985; x_wconf 85' lang='lat'>34-38</span> <span class='ocrx_word' id='word_1_237' title='bbox 1066 1948 1107 1984; x_wconf 92' lang='lat' dir='ltr'>et</span> <span class='ocrx_word' id='word_1_238' title='bbox 1134 1942 1266 1985; x_wconf 90' lang='lat' dir='ltr'>Nevio</span> <span class='ocrx_word' id='word_1_239' title='bbox 1285 1942 1326 1984; x_wconf 95' lang='lat' dir='ltr'>II</span> <span class='ocrx_word' id='word_1_240' title='bbox 1347 1957 1385 1998; x_wconf 90' lang='lat' dir='ltr'>p.</span> <span class='ocrx_word' id='word_1_241' title='bbox 1408 1944 1645 1987; x_wconf 87' lang='lat'>309—313.</span> 
     </span>
     <span class='ocr_line' id='line_1_31' title="bbox 152 2010 1647 2067; baseline 0.001 -15"><span class='ocrx_word' id='word_1_242' title='bbox 152 2010 342 2054; x_wconf 85' lang='lat' dir='ltr'>Ceterum</span> <span class='ocrx_word' id='word_1_243' title='bbox 393 2011 444 2053; x_wconf 90' lang='lat' dir='ltr'>de</span> <span class='ocrx_word' id='word_1_244' title='bbox 492 2012 718 2066; x_wconf 84' lang='lat' dir='ltr'>antiquiore</span> <span class='ocrx_word' id='word_1_245' title='bbox 766 2012 841 2054; x_wconf 89' lang='lat' dir='ltr'>hoe</span> <span class='ocrx_word' id='word_1_246' title='bbox 890 2012 1035 2054; x_wconf 86' lang='lat' dir='ltr'>suffixo</span> <span class='ocrx_word' id='word_1_247' title='bbox 1084 2011 1194 2066; x_wconf 91' lang='lat' dir='ltr'>quod</span> <span class='ocrx_word' id='word_1_248' title='bbox 1230 2011 1281 2052; x_wconf 89' lang='lat' dir='ltr'>ad</span> <span class='ocrx_word' id='word_1_249' title='bbox 1320 2025 1459 2053; x_wconf 88' lang='lat' dir='ltr'>omnes</span> <span class='ocrx_word' id='word_1_250' title='bbox 1496 2012 1647 2067; x_wconf 86' lang='lat' dir='ltr'>pariter</span> 
     </span>
     <span class='ocr_line' id='line_1_32' title="bbox 151 2079 1646 2137; baseline 0.001 -15"><span class='ocrx_word' id='word_1_251' title='bbox 151 2080 456 2135; x_wconf 88' lang='lat' dir='ltr'>coniugationes</span> <span class='ocrx_word' id='word_1_252' title='bbox 486 2080 735 2136; x_wconf 88' lang='lat' dir='ltr'>pertinebat,</span> <span class='ocrx_word' id='word_1_253' title='bbox 786 2080 1027 2137; x_wconf 88' lang='lat' dir='ltr'>explicatius</span> <span class='ocrx_word' id='word_1_254' title='bbox 1057 2079 1139 2136; x_wconf 89' lang='lat' dir='ltr'>egit</span> <span class='ocrx_word' id='word_1_255' title='bbox 1166 2080 1300 2134; x_wconf 88' lang='lat' dir='ltr'>Lange</span> <span class='ocrx_word' id='word_1_256' title='bbox 1329 2080 1374 2121; x_wconf 89' lang='lat' dir='ltr'>in</span> <span class='ocrx_word' id='word_1_257' title='bbox 1402 2081 1504 2123; x_wconf 87' lang='lat' dir='ltr'>actis</span> <span class='ocrx_word' id='word_1_258' title='bbox 1533 2082 1646 2124; x_wconf 86' lang='lat' dir='ltr'>acad.</span> 
     </span>
    </p>
   </div>
   <div class='ocr_carea' id='block_1_9' title="bbox 150 2145 1730 2205">
    <p class='ocr_par' dir='ltr' id='par_1_10' title="bbox 150 2145 1730 2205">
     <span class='ocr_line' id='line_1_33' title="bbox 150 2145 1730 2205; baseline 0.001 -16"><span class='ocrx_word' id='word_1_259' title='bbox 150 2145 379 2191; x_wconf 88' lang='lat' dir='ltr'>Vindobon.</span> <span class='ocrx_word' id='word_1_260' title='bbox 427 2153 523 2190; x_wconf 92' lang='lat' dir='ltr'>tom.</span> <span class='ocrx_word' id='word_1_261' title='bbox 559 2149 598 2190; x_wconf 94' lang='lat' dir='ltr'>X</span> <span class='ocrx_word' id='word_1_262' title='bbox 640 2153 681 2191; x_wconf 91' lang='lat' dir='ltr'>et</span> <span class='ocrx_word' id='word_1_263' title='bbox 709 2149 847 2190; x_wconf 87' lang='lat' dir='ltr'><strong>XXVI</strong></span> <span class='ocrx_word' id='word_1_264' title='bbox 876 2164 916 2205; x_wconf 89' lang='lat' dir='ltr'>p.</span> <span class='ocrx_word' id='word_1_265' title='bbox 951 2150 1032 2193; x_wconf 85' lang='lat'>115</span> <span class='ocrx_word' id='word_1_266' title='bbox 1061 2162 1121 2204; x_wconf 91' lang='lat' dir='ltr'>sq.</span> <span class='ocrx_word' id='word_1_267' title='bbox 1171 2149 1220 2193; x_wconf 87' lang='lat' dir='ltr'>cf.</span> <span class='ocrx_word' id='word_1_268' title='bbox 1271 2148 1394 2191; x_wconf 90' lang='lat' dir='ltr'>etiam</span> <span class='ocrx_word' id='word_1_269' title='bbox 1424 2148 1647 2194; x_wconf 87' lang='lat' dir='ltr'>Corssenus</span> <span class='ocrx_word' id='word_1_270' title='bbox 1728 2196 1730 2198; x_wconf 56' lang='grc'><strong>,</strong></span> 
     </span>
    </p>
   </div>
   <div class='ocr_carea' id='block_1_10' title="bbox 150 2217 1649 2617">
    <p class='ocr_par' dir='ltr' id='par_1_11' title="bbox 150 2217 706 2273">
     <span class='ocr_line' id='line_1_34' title="bbox 150 2217 706 2273; baseline 0.009 -16"><span class='ocrx_word' id='word_1_271' title='bbox 150 2217 283 2271; x_wconf 83' lang='lat' dir='ltr'>symb.</span> <span class='ocrx_word' id='word_1_272' title='bbox 315 2217 403 2260; x_wconf 88' lang='lat' dir='ltr'>crit.</span> <span class='ocrx_word' id='word_1_273' title='bbox 434 2222 508 2260; x_wconf 88' lang='lat' dir='ltr'>etc.</span> <span class='ocrx_word' id='word_1_274' title='bbox 538 2231 579 2273; x_wconf 89' lang='lat' dir='ltr'>p.</span> <span class='ocrx_word' id='word_1_275' title='bbox 609 2218 706 2261; x_wconf 84' lang='lat'>465.</span> 
     </span>
    </p>

    <p class='ocr_par' dir='ltr' id='par_1_12' title="bbox 151 2282 1649 2617">
     <span class='ocr_line' id='line_1_35' title="bbox 197 2282 1648 2342; baseline -0.001 -13"><span class='ocrx_word' id='word_1_276' title='bbox 197 2282 202 2286; x_wconf 54' lang='lat'><strong>⁴</strong></span> <span class='ocrx_word' id='word_1_277' title='bbox 264 2286 303 2329; x_wconf 90' lang='lat'>3.</span> <span class='ocrx_word' id='word_1_278' title='bbox 362 2285 449 2332; x_wconf 88' lang='lat' dir='ltr'>Non</span> <span class='ocrx_word' id='word_1_279' title='bbox 499 2285 630 2340; x_wconf 88' lang='lat' dir='ltr'>magis</span> <span class='ocrx_word' id='word_1_280' title='bbox 678 2286 916 2342; x_wconf 86' lang='lat' dir='ltr'>perspicuae</span> <span class='ocrx_word' id='word_1_281' title='bbox 966 2290 1063 2328; x_wconf 90' lang='lat' dir='ltr'>sunt</span> <span class='ocrx_word' id='word_1_282' title='bbox 1110 2285 1306 2342; x_wconf 88' lang='lat' dir='ltr'>pristinae</span> <span class='ocrx_word' id='word_1_283' title='bbox 1355 2286 1648 2342; x_wconf 84' lang='lat' dir='ltr'>coniugationis</span> 
     </span>
     <span class='ocr_line' id='line_1_36' title="bbox 151 2351 1648 2411; baseline 0.003 -17"><span class='ocrx_word' id='word_1_284' title='bbox 151 2351 350 2407; x_wconf 86' lang='lat' dir='ltr'>reliquiae</span> <span class='ocrx_word' id='word_1_285' title='bbox 399 2354 443 2396; x_wconf 92' lang='lat' dir='ltr'>in</span> <span class='ocrx_word' id='word_1_286' title='bbox 491 2354 778 2397; x_wconf 88' lang='lat' dir='ltr'>terminatione</span> <span class='ocrx_word' id='word_1_287' title='bbox 826 2354 1053 2411; x_wconf 87' lang='lat' dir='ltr'>imperfecti</span> <span class='ocrx_word' id='word_1_288' title='bbox 1094 2354 1427 2409; x_wconf 85' lang='lat' dir='ltr'>I-coniugationis</span> <span class='ocrx_word' id='word_1_289' title='bbox 1462 2370 1565 2410; x_wconf 85' lang='lat' dir='ltr'>quae</span> <span class='ocrx_word' id='word_1_290' title='bbox 1605 2356 1648 2398; x_wconf 90' lang='lat' dir='ltr'>in</span> 
     </span>
     <span class='ocr_line' id='line_1_37' title="bbox 151 2419 1648 2479; baseline 0.003 -18"><span class='ocrx_word' id='word_1_291' title='bbox 151 2419 327 2474; x_wconf 85' lang='lat' dir='ltr'>vulgatis</span> <span class='ocrx_word' id='word_1_292' title='bbox 355 2423 627 2475; x_wconf 86' lang='lat' dir='ltr'>grammaticis</span> <span class='ocrx_word' id='word_1_293' title='bbox 657 2427 844 2477; x_wconf 89' lang='lat' dir='ltr'>quartum</span> <span class='ocrx_word' id='word_1_294' title='bbox 874 2423 1010 2465; x_wconf 90' lang='lat' dir='ltr'>locum</span> <span class='ocrx_word' id='word_1_295' title='bbox 1039 2426 1158 2464; x_wconf 92' lang='lat' dir='ltr'>tenet.</span> <span class='ocrx_word' id='word_1_296' title='bbox 1207 2422 1318 2464; x_wconf 89' lang='lat' dir='ltr'>Illud</span> <span class='ocrx_word' id='word_1_297' title='bbox 1348 2423 1458 2464; x_wconf 90' lang='lat' dir='ltr'>enim</span> <span class='ocrx_word' id='word_1_298' title='bbox 1487 2428 1648 2479; x_wconf 87' lang='lat' dir='ltr'>tempus</span> 
     </span>
     <span class='ocr_line' id='line_1_38' title="bbox 151 2486 1649 2546; baseline 0.005 -19"><span class='ocrx_word' id='word_1_299' title='bbox 151 2486 260 2543; x_wconf 84' lang='lat' dir='ltr'>apud</span> <span class='ocrx_word' id='word_1_300' title='bbox 311 2489 528 2546; x_wconf 88' lang='lat' dir='ltr'>scriptores</span> <span class='ocrx_word' id='word_1_301' title='bbox 568 2494 724 2534; x_wconf 88' lang='lat' dir='ltr'>veteres</span> <span class='ocrx_word' id='word_1_302' title='bbox 766 2490 877 2534; x_wconf 90' lang='lat' dir='ltr'>haud</span> <span class='ocrx_word' id='word_1_303' title='bbox 926 2505 1015 2534; x_wconf 88' lang='lat' dir='ltr'>raro</span> <span class='ocrx_word' id='word_1_304' title='bbox 1064 2491 1230 2533; x_wconf 77' lang='lat' dir='ltr'>in·z‘bam</span> <span class='ocrx_word' id='word_1_305' title='bbox 1267 2491 1519 2536; x_wconf 79' lang='lat' dir='ltr'>formabatur</span> <span class='ocrx_word' id='word_1_306' title='bbox 1533 2525 1543 2545; x_wconf 96' lang='lat'>,</span> <span class='ocrx_word' id='word_1_307' title='bbox 1590 2492 1649 2534; x_wconf 89' lang='lat' dir='ltr'>ita</span> 
     </span>
     <span class='ocr_line' id='line_1_39' title="bbox 151 2558 1648 2617; baseline 0.003 -19"><span class='ocrx_word' id='word_1_308' title='bbox 151 2559 288 2599; x_wconf 85' lang='lat' dir='ltr'>tamen</span> <span class='ocrx_word' id='word_1_309' title='bbox 338 2561 385 2599; x_wconf 88' lang='lat' dir='ltr'>ut</span> <span class='ocrx_word' id='word_1_310' title='bbox 428 2558 546 2614; x_wconf 87' lang='lat' dir='ltr'>longe</span> <span class='ocrx_word' id='word_1_311' title='bbox 593 2561 844 2617; x_wconf 86' lang='lat' dir='ltr'>praevaleret</span> <span class='ocrx_word' id='word_1_312' title='bbox 885 2560 1084 2615; x_wconf 86' lang='lat' dir='ltr'>regularis</span> <span class='ocrx_word' id='word_1_313' title='bbox 1122 2560 1364 2604; x_wconf 82' lang='lat' dir='ltr'>terminatio.</span> <span class='ocrx_word' id='word_1_314' title='bbox 1426 2561 1542 2613; x_wconf 88' lang='lat' dir='ltr'>Quod</span> <span class='ocrx_word' id='word_1_315' title='bbox 1571 2561 1648 2604; x_wconf 88' lang='lat' dir='ltr'>etsi</span> 
     </span>
    </p>
   </div>
   <div class='ocr_carea' id='block_1_11' title="bbox 108 2628 1648 2686">
    <p class='ocr_par' dir='ltr' id='par_1_13' title="bbox 1 2622 1648 2686">
     <span class='ocr_line' id='line_1_40' title="bbox 108 2628 1648 2686; baseline 0.004 -17.545"><span class='ocrx_word' id='word_1_316' title='bbox 108 2655 109 2658; x_wconf 18' lang='grc' dir='ltr'>η</span> <span class='ocrx_word' id='word_1_317' title='bbox 151 2638 292 2669; x_wconf 87' lang='lat' dir='ltr'>verum</span> <span class='ocrx_word' id='word_1_318' title='bbox 341 2631 428 2680; x_wconf 91' lang='lat' dir='ltr'>est,</span> <span class='ocrx_word' id='word_1_319' title='bbox 476 2631 612 2671; x_wconf 86' lang='lat' dir='ltr'>tamen</span> <span class='ocrx_word' id='word_1_320' title='bbox 661 2629 711 2672; x_wconf 89' lang='lat' dir='ltr'>de</span> <span class='ocrx_word' id='word_1_321' title='bbox 762 2630 915 2685; x_wconf 85' lang='lat' dir='ltr'>origine</span> <span class='ocrx_word' id='word_1_322' title='bbox 950 2630 1105 2686; x_wconf 87' lang='lat' dir='ltr'>priscae</span> <span class='ocrx_word' id='word_1_323' title='bbox 1140 2628 1254 2673; x_wconf 90' lang='lat' dir='ltr'>illius</span> <span class='ocrx_word' id='word_1_324' title='bbox 1285 2630 1538 2674; x_wconf 87' lang='lat' dir='ltr'>formationis</span> <span class='ocrx_word' id='word_1_325' title='bbox 1566 2645 1648 2675; x_wconf 88' lang='lat' dir='ltr'>non</span> 
     </span>
    </p>
   </div>
   <div class='ocr_carea' id='block_1_12' title="bbox 152 2695 1650 2754">
    <p class='ocr_par' dir='ltr' id='par_1_14' title="bbox 152 2695 1650 2754">
     <span class='ocr_line' id='line_1_41' title="bbox 152 2695 1650 2754; baseline 0.004 -18"><span class='ocrx_word' id='word_1_326' title='bbox 152 2695 379 2750; x_wconf 82' lang='lat' dir='ltr'>aequaliter</span> <span class='ocrx_word' id='word_1_327' title='bbox 442 2696 552 2740; x_wconf 90' lang='lat' dir='ltr'>inter</span> <span class='ocrx_word' id='word_1_328' title='bbox 599 2699 708 2741; x_wconf 91' lang='lat' dir='ltr'>viros</span> <span class='ocrx_word' id='word_1_329' title='bbox 767 2699 949 2743; x_wconf 85' lang='lat' dir='ltr'>eruditos</span> <span class='ocrx_word' id='word_1_330' title='bbox 999 2700 1221 2743; x_wconf 88' lang='lat' dir='ltr'>constabat.</span> <span class='ocrx_word' id='word_1_331' title='bbox 1298 2700 1435 2742; x_wconf 91' lang='lat' dir='ltr'>Primo</span> <span class='ocrx_word' id='word_1_332' title='bbox 1484 2699 1650 2754; x_wconf 89' lang='lat' dir='ltr'>quidem</span> 
     </span>
    </p>
   </div>
   <div class='ocr_carea' id='block_1_13' title="bbox 9 2765 1650 2897">
    <p class='ocr_par' dir='ltr' id='par_1_15' title="bbox 8 2742 1650 2897">
     <span class='ocr_line' id='line_1_42' title="bbox 16 2765 1649 2830; baseline 0.012 -37.902"><span class='ocrx_word' id='word_1_333' title='bbox 16 2808 69 2830; x_wconf 57' lang='lat'>÷</span> <span class='ocrx_word' id='word_1_334' title='bbox 92 2807 94 2811; x_wconf 66' lang='lat'>,</span> <span class='ocrx_word' id='word_1_335' title='bbox 153 2768 371 2820; x_wconf 84' lang='lat' dir='ltr'>conspectu</span> <span class='ocrx_word' id='word_1_336' title='bbox 418 2765 518 2807; x_wconf 88' lang='lat' dir='ltr'>haec</span> <span class='ocrx_word' id='word_1_337' title='bbox 566 2767 747 2821; x_wconf 87' lang='lat' dir='ltr'>quaestio</span> <span class='ocrx_word' id='word_1_338' title='bbox 782 2768 897 2811; x_wconf 83' lang='lat' dir='ltr'>facile</span> <span class='ocrx_word' id='word_1_339' title='bbox 927 2767 1087 2810; x_wconf 88' lang='lat' dir='ltr'>videtur</span> <span class='ocrx_word' id='word_1_340' title='bbox 1124 2768 1287 2812; x_wconf 87' lang='lat' dir='ltr'>absolvi</span> <span class='ocrx_word' id='word_1_341' title='bbox 1316 2782 1434 2824; x_wconf 85' lang='lat' dir='ltr'>posse</span> <span class='ocrx_word' id='word_1_342' title='bbox 1464 2781 1511 2810; x_wconf 88' lang='lat' dir='ltr'>eo</span> <span class='ocrx_word' id='word_1_343' title='bbox 1540 2769 1649 2823; x_wconf 87' lang='lat' dir='ltr'>quod</span> 
     </span>
     <span class='ocr_line' id='line_1_43' title="bbox 9 2826 1650 2897; baseline 0.007 -26"><span class='ocrx_word' id='word_1_344' title='bbox 9 2826 81 2897; x_wconf 54' lang='lat'>³³³3,</span> <span class='ocrx_word' id='word_1_345' title='bbox 151 2829 205 2874; x_wconf 81' lang='lat' dir='ltr'>ad</span> <span class='ocrx_word' id='word_1_346' title='bbox 252 2833 570 2878; x_wconf 88' lang='lat' dir='ltr'>contractionem</span> <span class='ocrx_word' id='word_1_347' title='bbox 609 2836 808 2881; x_wconf 88' lang='lat' dir='ltr'>vocalium</span> <span class='ocrx_word' id='word_1_348' title='bbox 854 2840 874 2877; x_wconf 75' lang='lat' dir='ltr'>z·</span> <span class='ocrx_word' id='word_1_349' title='bbox 913 2841 954 2879; x_wconf 85' lang='lat' dir='ltr'>et</span> <span class='ocrx_word' id='word_1_350' title='bbox 1001 2851 1022 2877; x_wconf 86' lang='lat' dir='ltr'>e</span> <span class='ocrx_word' id='word_1_351' title='bbox 1059 2837 1280 2892; x_wconf 79' lang='lat' dir='ltr'>confugias,</span> <span class='ocrx_word' id='word_1_352' title='bbox 1348 2836 1399 2879; x_wconf 89' lang='lat' dir='ltr'>Et</span> <span class='ocrx_word' id='word_1_353' title='bbox 1441 2836 1520 2879; x_wconf 84' lang='lat' dir='ltr'>fuit</span> <span class='ocrx_word' id='word_1_354' title='bbox 1552 2851 1650 2881; x_wconf 77' lang='lat' dir='ltr'>sane</span> 
     </span>
    </p>
   </div>
   <div class='ocr_carea' id='block_1_14' title="bbox 0 2777 192 3104">
    <p class='ocr_par' dir='ltr' id='par_1_16' title="bbox 0 2777 192 3104">
     <span class='ocr_line' id='line_1_44' title="bbox 0 2777 192 3104; baseline 0 -181"><span class='ocrx_word' id='word_1_355' title='bbox 0 2777 192 3104; x_wconf 95' lang='lat' dir='ltr'>   </span> 
     </span>
    </p>
   </div>
  </div>
 </body>
</html>
