1923 3104
982 51 1038 95 74

240 179 483 220 mehercules
528 177 748 232 legendum
798 178 1008 236 proposuit
1053 178 1105 221 ad
1144 167 1372 236 exemplum
1421 178 1525 221 illud
1577 175 1750 222 Phaedri

242 248 322 291 fab.
345 247 414 300 VI,
437 248 477 298 9,
491 249 529 290 3.
551 246 739 302 Silligius
759 247 880 303 eique
901 248 970 303 qui
990 247 1264 305 adstipulatus
1285 252 1347 291 est
1367 247 1647 297 Froehlichius
1658 252 1752 306 post
1811 251 1812 255 ’

241 316 482 372 particulam
503 321 540 358 et
560 316 758 358 omissum
778 330 866 358 esse
887 321 1133 373 putaverunt
1153 322 1212 358 est
1231 316 1350 368 illud,
1382 316 1489 372 quod
1511 317 1750 361 Schwabius
1806 318 1825 335 ¹
1839 316 1857 353 s

242 384 432 441 probavit
470 389 510 427 et
550 384 594 426 in
635 389 793 427 textum
834 386 993 442 recepit.
1054 386 1098 427 In
1131 400 1172 427 re
1203 386 1359 428 incerta
1388 385 1482 442 quis
1514 400 1656 427 verum
1689 386 1750 428 in-

240 454 411 508 dagasse
440 453 628 496 videatur
648 453 873 497 diiudicare
893 468 974 496 non
996 454 1142 506 ausim,
1176 454 1274 497 licet
1294 455 1400 498 haud
1424 454 1599 497 diffitear
1618 454 1750 510 magis
1806 484 1808 486 -

242 522 343 564 mihi
375 522 555 564 arridere
586 522 735 577 Silligii
765 523 991 566 inventum.
1013 548 1067 554 -—

356 591 481 633 Porro
511 590 561 632 de
591 591 801 634 vocabulis
831 592 1015 634 iambicis
1045 591 1293 634 monendum
1324 588 1385 634 est
1412 592 1586 649 optimos
1606 596 1751 649 poetas

243 660 318 702 hac
350 661 437 715 lege
467 675 510 702 se
541 660 803 711 astrinxisse,
836 666 882 703 ut
910 662 1139 715 ubicunque
1170 666 1398 703 constarent
1426 666 1519 703 ante
1547 661 1751 716 syllabam

271 732 445 781 acutam,
476 743 637 784 semper
657 743 750 772 cum
769 729 883 772 hiatu
908 743 957 772 ea
977 730 1214 786 proferrent.
1255 730 1373 772 Hunc
1395 744 1546 772 morem
1570 720 1752 773 Catallus

243 798 434 853 probavit
479 797 640 839 duobus
686 798 884 854 exemplis
932 799 1070 852 qualia
1119 804 1214 840 sunt
1252 799 1397 849 LXVI,
1433 801 1502 840 11:
1554 812 1650 852 ,qua
1680 812 1747 840 rex
1869 783 1895 810 ’

243 870 486 922 tempestate
523 880 627 908 novo
665 870 806 908 auctus
843 867 1095 922 hymenaeo‘.
1158 866 1328 917 CXIIII,
1360 869 1410 909 6:
1460 867 1625 917 ,saltum
1665 866 1751 909 lau-

244 936 406 987 demna,
453 935 551 976 dum
596 935 716 977 domo
758 935 845 991 ipse
876 939 1002 990 egeat‘
1042 935 1098 976 de
1121 935 1327 991 praeclara
1362 935 1595 977 coniectura
1625 935 1750 977 Lach—

243 1004 383 1046 manni
414 1003 479 1060 (cf.
509 1003 682 1046 eundem
703 1003 756 1046 ad
776 1004 891 1048 Lucr.
923 1019 959 1061 p.
985 1005 1099 1061 196.)
1132 1003 1280 1046 Itidem
1301 1004 1345 1046 in
1367 1003 1534 1047 vocibus
1555 1003 1751 1046 creticum

244 1074 388 1131 pedem
418 1074 688 1117 efficientibus
718 1088 810 1116 cum
840 1074 932 1116 aliis
963 1079 1083 1130 poeta
1104 1074 1263 1116 hiatum
1293 1074 1374 1116 sibi
1396 1073 1591 1130 permisit,
1625 1073 1752 1115 veluti

244 1143 366 1185 semel
400 1143 475 1185 hoc
505 1143 626 1185 modo
658 1142 762 1184 dixit
782 1143 906 1193 LVII,
940 1144 985 1184 7:
1027 1156 1121 1194 ‚uno
1152 1142 1194 1183 in
1216 1142 1364 1184 lectulo
1386 1142 1582 1184 erudituli
1602 1142 1749 1183 ambo‘.

358 1211 480 1254 Ultra
514 1212 588 1254 has
625 1225 726 1266 quas
757 1211 1018 1253 tractavimus
1054 1211 1312 1264 quaestiones
1349 1210 1533 1266 progredi
1571 1210 1752 1266 spatium

248 1279 461 1335 prohibuit
491 1279 586 1321 huic
615 1279 998 1321 dissertatiunculae
1028 1291 1272 1322 concessum.
1320 1278 1364 1320 In
1395 1278 1448 1320 iis
1479 1281 1618 1320 autem
1648 1291 1753 1333 quae
1831 1327 1836 1332 ,

243 1362 351 1389 nunc
380 1347 432 1388 ad
471 1349 593 1389 finem
630 1348 732 1389 mihi
762 1347 998 1402 perduxisse
1028 1347 1190 1398 videor,
1221 1347 1256 1388 si
1287 1347 1384 1400 quid
1415 1347 1609 1388 censebor
1639 1360 1751 1402 prae-

243 1414 400 1458 stitisse
446 1415 554 1470 quod
591 1415 643 1458 ad
681 1415 1015 1458 consuetudinem
1045 1415 1198 1458 Catulli
1236 1416 1280 1457 in
1316 1415 1437 1458 rebus
1473 1414 1757 1470 grammaticis

244 1484 577 1539 prosodiacisque
607 1484 909 1525 inlustrandam
949 1484 1150 1540 pertineat
1193 1498 1267 1525 nec
1303 1498 1384 1524 non
1414 1483 1465 1524 ad
1506 1483 1631 1524 verba
1665 1482 1752 1524 eius

243 1552 496 1597 restituenda
525 1552 733 1605 conducat,
753 1567 1008 1610 ‘magnopere
1038 1552 1230 1596 laetabor.
