1923 3104
185 177 228 218 in
258 191 447 220 sermone
476 183 691 236 poetarum
721 180 980 233 comicorum,
1013 195 1094 237 qua
1121 182 1172 225 de
1198 197 1242 225 re
1262 182 1358 226 vide
1378 184 1550 230 Ritschl.
1570 185 1725 230 Proll.
1751 184 1830 229 ³

184 245 295 290 Trin.
329 262 370 303 p.
392 248 493 290 CIV.
536 249 719 300 Quorum
748 250 947 292 rationem
978 250 1167 306 pluribus
1195 251 1297 294 locis
1327 255 1526 308 expressit
1550 255 1698 298 Lucre·
1735 243 1827 311 ‘J-
1859 288 1862 291 -

181 313 265 356 tius
296 314 366 370 (cf
400 315 565 359 Lachm
598 330 742 361 comm.
775 332 814 374 p.
841 319 934 361 144.
967 319 1086 374 217),
1118 318 1191 361 sed
1221 318 1347 362 semel
1374 324 1533 363 tantum
1556 322 1694 366 Catul·
1867 330 1869 332 ’

184 382 251 424 lus
282 383 326 426 in
356 383 500 437 LXIII,
532 387 587 428 47
618 387 692 430 ubi
736 387 892 430 codices
938 388 1079 444 optimi
1124 388 1410 432 Germanensis
1439 389 1696 445 Colbertinus
1755 376 1864 398 ψ’

186 451 458 495 Santenianus
488 453 643 498 habent
673 461 904 498 aestuanter
932 471 1077 506 usum,
1120 471 1221 511 quae
1259 457 1375 500 lectio
1406 459 1444 501 si
1474 448 1717 502 extremam'

184 536 206 559 r
235 520 413 562 litteram
452 523 640 576 sequenti
683 528 729 565 ut
774 538 847 579 par
887 530 948 567 est
983 525 1074 566 voci
1104 525 1316 579 adiungis,
1357 529 1499 581 poetae
1528 538 1694 566 manum

185 588 284 631 olim
313 594 522 633 aestuante
552 606 703 635 rusum
733 591 895 635 dedisse
931 593 1157 636 luculenter
1188 593 1315 636 docet.
1375 594 1510 650 Atque
1540 593 1590 636 de
1619 593 1696 636 hac
1808 644 1826 655 ..
1915 612 1917 614 ·

186 657 315 699 forma
344 658 506 714 vulgari
535 664 628 715 post
657 661 904 716 Scaligerum
935 662 1005 716 qui
1035 662 1283 704 dubitaverit
1318 663 1478 704 nullum
1507 661 1696 716 equidem
1774 649 1797 655 Η

182 726 350 768 invenio
363 728 631 770 recentiorum
645 728 928 785 interpretum.
953 730 1140 772 Ceterum
1161 730 1210 772 de
1230 731 1431 773 eiusmodi
1445 730 1613 772 licentia
1625 743 1692 771 ru-

184 793 277 835 stici
307 796 505 838 sermonis
536 795 819 839 disseruerunt
847 798 975 841 Prisc.
1007 813 1047 854 p.
1068 800 1166 842 559.
1226 798 1316 842 Vel.
1349 799 1470 852 Long.
1500 813 1542 854 p.
1574 797 1685 839 2237

185 867 226 904 et
257 867 396 905 nostro
428 864 595 919 quidem
627 865 792 908 saeculo
829 866 978 921 optime
1009 869 1230 909 Uorssenus
1260 867 1279 908 I
1309 881 1346 923 p.
1378 867 1460 910 243
1491 872 1533 908 et
1562 867 1694 921 symb.

184 931 271 975 crit.
302 947 342 988 p.
366 932 463 975 396.

302 1002 367 1045 10.
408 1001 508 1044 Fere
538 1002 681 1044 eadem
712 1016 810 1045 usus
855 1004 1086 1058 frequentia
1115 1009 1131 1046 t
1161 1004 1296 1046 littera
1331 1004 1374 1046 in
1403 1003 1548 1046 mediis
1578 1015 1695 1045 voca-

184 1069 293 1111 bulis
324 1070 486 1112 eiicitur
516 1074 609 1112 ante
638 1071 865 1126 proximam
897 1078 1195 1123 consonantem,
1227 1073 1271 1113 id
1301 1072 1410 1126 quod
1431 1072 1694 1127 potissimum
1847 1115 1854 1120 ,
1877 1120 1885 1128 ⁴.

183 1137 225 1178 in
256 1139 599 1194 praepositionem
623 1145 724 1193 post
752 1140 871 1182 cadit.
915 1141 1044 1190 Quem
1074 1155 1229 1183 morem
1259 1140 1402 1182 itidem
1433 1155 1482 1182 ex
1512 1153 1592 1182 usu
1619 1139 1696 1181 lin·
1870 1139 1923 1189 ξε

182 1220 284 1259 guae
315 1208 552 1260 quotidiano
583 1212 718 1250 ortum
749 1222 838 1250 esse
868 1213 997 1264 patet:
1049 1224 1144 1250 nam
1175 1209 1402 1251 litterarum
1431 1209 1539 1250 inter
1559 1222 1602 1249 se
1633 1222 1694 1250 co-
1852 1208 1875 1213 ”

184 1273 418 1329 pulationes
449 1277 592 1331 quales
624 1281 719 1319 sunt
748 1282 832 1327 staff,
865 1283 959 1328 st-c,
993 1283 1127 1333 st-qu‚
1160 1282 1254 1319 st-nz
1283 1276 1607 1334 pronuntiationi
1637 1276 1696 1318 ni-

184 1344 264 1386 mis
295 1350 410 1387 erant
439 1349 635 1388 molestae
664 1350 784 1400 atque
822 1345 1101 1389 incommodae
1132 1348 1183 1389 ob
1221 1359 1392 1400 eamque
1421 1360 1510 1388 rem
1540 1345 1693 1388 factum

185 1417 261 1464 est,
294 1417 340 1455 ut
370 1427 548 1456 consona
578 1420 595 1456 t
621 1414 762 1457 vivido
792 1415 908 1468 vulgi
930 1428 997 1457 ore
1018 1415 1135 1457 facile
1158 1418 1417 1457 extereretur.
1459 1414 1520 1456 Ex
1549 1428 1596 1456 eo
1629 1427 1693 1468 ge-

183 1495 276 1523 nere
309 1487 404 1525 sunt
433 1483 704 1539 postemplum
735 1497 935 1539 posquam
966 1484 1254 1540 posconsulatu
1283 1484 1365 1526 alia
1393 1484 1437 1525 in
1466 1483 1695 1539 inscriptio-

183 1550 307 1593 nibus
339 1552 461 1594 obvia
490 1556 531 1594 et
553 1566 695 1607 poene,
726 1552 835 1608 quod
866 1552 909 1594 in
939 1552 1060 1595 Ennii
1090 1567 1181 1596 ann.
1214 1552 1297 1596 235
1328 1552 1448 1596 Vahl.
1480 1565 1554 1608 pro
1576 1556 1696 1606 poste

183 1620 399 1674 legendum
446 1621 616 1663 coniecit
658 1624 880 1663 Oorssenus
919 1622 937 1661 I
981 1636 1019 1677 p.
1059 1621 1137 1664 183
1181 1621 1318 1663 adnot.
1384 1621 1508 1663 Liber
1543 1620 1695 1662 Catulli

184 1687 367 1730 Datanus
388 1688 504 1731 solus
526 1689 614 1731 eius
633 1689 746 1731 modi
766 1689 937 1731 formam
958 1690 1140 1732 servavit
1159 1689 1476 1745 praepositionis
1488 1703 1695 1744 posquam

184 1757 316 1800 tribus
358 1770 461 1811 quos
499 1771 605 1813 pono
651 1757 750 1800 locis
794 1758 873 1809 XI,
903 1758 971 1801 23.
1015 1758 1186 1810 LXIIIJ‚
1218 1759 1314 1802 313.
1346 1757 1589 1809 LXXXIIII,
1629 1758 1692 1800 11.
1831 1807 1861 1816 ,-

183 1826 381 1868 Probavit
421 1826 464 1867 id
501 1825 667 1879 quidem
697 1826 913 1879 Bergkius,
961 1826 1152 1882 probavit
1199 1827 1298 1868 item
1342 1830 1382 1867 et
1423 1826 1530 1867 inter
1570 1825 1696 1867 verba

183 1897 326 1950 poetae
342 1893 495 1950 recepit
514 1894 790 1938 Rossbachius
810 1894 954 1936 ceteris
975 1894 1183 1950 vulgatam
1205 1894 1452 1951 scripturam
1471 1893 1692 1938 tuentibus.
1838 1893 1845 1900 Γ
1869 1884 1877 1899 ξ

182 1963 273 2004 Non
303 1968 411 2005 recte
445 1963 629 2006 fortasse.
690 1963 853 2005 Etenim
882 1963 1032 2005 Datani
1068 1963 1169 2005 fides
1211 1977 1310 2005 num
1346 1976 1514 2019 prorsus
1545 1963 1588 2004 in
1619 1963 1695 2004 hac

183 2046 226 2073 re
257 2031 485 2089 spernenda
515 2031 580 2083 sit,
614 2031 733 2075 valde
754 2031 922 2075 dubito:
953 2046 1046 2074 nam
1069 2047 1162 2075 cum
1188 2032 1390 2088 insignem
1408 2032 1516 2074 inter
1536 2031 1694 2074 codices

184 2101 438 2143 Catullianos
450 2101 586 2143 locum
594 2101 752 2143 obtinet
759 2105 848 2143 tum
855 2114 1100 2157 magnopere
1108 2101 1348 2154 cavendum,
1366 2115 1417 2143 ne
1426 2101 1594 2144 licentia
1600 2114 1694 2157 poe-

183 2169 498 2212 taeVeronensis
507 2169 713 2212 communi
720 2174 943 2213 ceterorum
948 2184 1026 2213 usu
1035 2171 1152 2225 quasi
1161 2170 1366 2213 artissimo
1374 2169 1540 2213 vinculo
1549 2169 1693 2212 astrin-

183 2246 304 2293 gatur
322 2238 372 2280 cf.
389 2238 541 2295 Haupt.
560 2240 724 2290 Quaest.
736 2239 820 2281 Cat.
841 2252 879 2295 p.
898 2239 964 2281 70.
980 2238 1148 2283 Ritschl.
1169 2253 1275 2281 muS.
1297 2238 1427 2283 Rhen.
1442 2237 1521 2281 VII
1535 2253 1576 2295 p.
1597 2238 1694 2281 571.

301 2309 366 2352 11.
406 2308 619 2351 Postremo
651 2307 853 2363 agendum
883 2312 946 2350 est
977 2308 1026 2350 de
1057 2308 1282 2350 sibilantis
1308 2308 1443 2350 littera
1471 2321 1554 2362 qua
1578 2307 1698 2349 nulla
1916 2356 1918 2359 r

184 2378 265 2418 fere
296 2376 460 2433 ¹saepius
489 2377 534 2420 in
563 2376 705 2432 lingua
733 2376 880 2419 Latina
910 2377 1110 2420 omittitur
1140 2391 1230 2419 cum
1261 2376 1362 2420 alibi
1390 2380 1477 2423 tum
1508 2375 1552 2418 in
1584 2375 1693 2419 exitu
1817 2367 1918 2437 ’ἓ

187 2446 487 2490 vocabulorum.
557 2447 609 2488 Et
650 2447 695 2488 in
734 2445 883 2487 mediis
923 2446 1093 2500 quidem
1128 2447 1300 2489 vocibus
1342 2446 1560 2501 praecipue
1601 2449 1696 2487 ante
1863 2432 1883 2456 ’ξ
1917 2438 1919 2443 ’

184 2514 368 2557 nasalem
398 2530 423 2556 n
454 2515 624 2558 evanuit
653 2515 695 2557 in
732 2515 851 2558 certis
894 2517 1115 2559 verborum
1146 2515 1288 2558 formis
1318 2514 1522 2571 particula
1551 2529 1598 2556 ne
1626 2513 1695 2556 ad-

184 2585 314 2626 auctis
347 2585 463 2626 velut
494 2585 777 2627 demonstrant
814 2584 893 2625 ain'
924 2598 996 2639 pro
1027 2585 1153 2635 aisne,
1186 2584 1306 2626 satin'
1337 2597 1410 2639 pro
1440 2585 1605 2633 satisne,
1636 2583 1696 2623 vi-

184 2654 273 2696 den’
303 2667 375 2710 pro
406 2653 595 2706 videsne,
636 2653 746 2708 quod
776 2657 1029 2709 postremum
1069 2658 1131 2695 ter
1168 2652 1279 2709 apud
1316 2652 1524 2695 Catullum
1563 2654 1697 2694 exstat

183 2723 295 2773 LXI,
344 2724 396 2763 77
436 2728 476 2764 et
506 2724 574 2766 98.
606 2721 728 2772 LXII,
761 2722 787 2762 8
824 2721 873 2763 cf.
911 2721 1079 2764 Ritschl.
1112 2722 1236 2763 Proll.
1268 2721 1377 2762 Trin.
1418 2736 1455 2777 p.
1489 2720 1589 2762 CVI„
1649 2720 1694 2761 In
1873 2767 1883 2771 „

185 2791 310 2835 altero
341 2791 488 2834 deinde
525 2804 673 2848 genere
711 2790 820 2832 unde
856 2789 1118 2847 potissimum
1149 2789 1350 2841 evenerit,
1394 2794 1441 2832 ut
1477 2788 1695 2845 scriptores
1727 2816 1737 2822 -
1759 2798 1790 2849 js
1832 2782 1917 2858 'ss'ssssjig
