1923 3104
881 71 935 115 ⁷3

286 203 340 248 d-
368 203 520 256 Quodsi
563 200 880 259 synecphonesis
919 199 1040 241 unica
1080 202 1186 240 certe
1215 209 1278 238 res
1315 193 1394 238 fuit
1423 207 1504 248 qua
1533 196 1672 249 poetae

172 274 385 316 insuavem
429 272 630 316 vocalium
667 282 907 313 concursum
944 282 1065 323 quem
1099 267 1260 309 hiatum
1289 276 1433 306 vocare
1464 262 1672 304 suevimus

93 339 95 341 ¹
135 353 139 359 ⁴
175 341 357 386 devitare
377 347 556 399 possent,
577 355 659 383 non
677 343 814 381 tamen
834 337 985 392 ubique
1004 350 1029 378 a
1048 351 1091 378 se
1112 335 1392 391 impetrarunt,
1424 336 1470 374 ut
1488 331 1670 387 syllabas

175 410 251 454 illo
280 411 399 455 modo
420 409 716 453 contraherent.
757 407 814 449 At
841 411 999 448 tantum
1019 406 1158 448 aberat
1186 409 1234 445 ut
1262 417 1311 444 ex
1341 400 1509 443 arbitrio
1530 402 1672 455 poetae

173 480 332 523 vocales
362 480 405 521 in
436 478 621 526 confiniis
643 477 832 519 binorum
854 475 1143 518 vocabulorum
1163 472 1369 526 contiguas
1390 469 1672 517 distraherent.

174 552 219 591 ut
247 552 442 591 certarum
484 547 617 601 legum
660 545 913 588 severitatem
956 556 1056 597 quas
1098 540 1246 583 violare
1286 538 1465 595 optimus
1502 535 1673 591 quisque

176 617 330 659 veritus
361 623 436 668 est,
468 616 586 657 enixe
615 617 893 668 sequerentur.
953 612 1017 653 Ita
1048 610 1233 652 Catullus
1269 613 1362 664 post
1388 603 1673 660 monosyllaba

174 685 356 739 legitime
385 685 538 726 hiatum
570 682 740 725 admisit
768 682 812 722 in
841 680 977 722 media
1006 679 1159 733 dactyli
1190 677 1361 732 syllaba,
1404 674 1476 716 sed
1505 687 1553 717 ea
1583 685 1672 713 con-

175 752 335 794 dicione
364 757 411 795 ut
440 756 668 795 constanter
697 749 877 793 vocalem
896 748 1060 790 finalem
1083 747 1312 802 corriperet.
1355 741 1555 798 Exempla
1575 741 1673 782 haec

175 825 290 862 sunt:
333 821 377 862 in
415 820 750 875 hendecasyllabo
788 817 1002 860 Phalaecio
1032 817 1117 868 LV,
1147 818 1198 858 4:
1250 820 1304 867 ‚te
1334 814 1379 854 in
1409 813 1528 863 circo,
1558 815 1599 852 te
1630 809 1672 850 in

175 888 362 932 omnibus
390 889 567 933 libellis‘.
600 888 754 932 ibidem
776 889 852 931 32:
885 900 1028 938 ‚essem
1049 890 1103 938 te,
1133 885 1192 927 mi
1212 883 1352 933 amice,
1385 877 1673 936 quaeritando‘·

174 970 293 1013 porro
323 958 366 999 in
395 971 515 1000 versu
544 957 701 1000 heroico
731 956 1019 1006 LXXXXVII,
1054 957 1097 996 1:
1130 968 1238 1005 ‚non‚
1266 953 1326 994 ita
1354 964 1419 992 me
1450 949 1507 991 dii
1526 945 1674 998 ament,

175 1025 391 1080 quicquam
421 1027 567 1068 referre
598 1026 768 1082 putavi‘.
828 1025 1026 1067 Similiter
1067 1023 1214 1065 deinde
1250 1025 1391 1077 poetae
1421 1019 1465 1059 in
1494 1017 1675 1073 plurium

175 1107 338 1148 quoque
387 1094 633 1150 syllabarum
683 1093 891 1136 vocabulis
935 1106 1036 1148 quae
1085 1093 1128 1134 iu
1177 1092 1341 1145 longam
1384 1086 1564 1129 vocalem
1611 1083 1673 1125 vel

175 1162 475 1218 diphthongum
516 1163 728 1213 desinunt,
773 1177 853 1203 non
894 1175 1102 1215 nunquam
1142 1161 1300 1202 hiatum
1330 1160 1486 1214 ponunt
1515 1154 1677 1208 syllaba

175 1235 354 1274 extrema
396 1231 515 1274 modo
553 1235 712 1273 servata
747 1230 866 1273 modo
904 1235 1097 1287 correpta.
1158 1230 1218 1271 Ac
1253 1226 1491 1284 saepissime
1527 1223 1603 1264 hoc
1632 1222 1676 1264 fit

174 1300 219 1341 in
268 1301 386 1342 tertio
432 1300 533 1356 pede
579 1315 721 1343 versus
760 1300 972 1355 dactylici,
1017 1300 1088 1341 ubi
1133 1311 1299 1340 caesura
1328 1295 1515 1351 quinaria
1542 1294 1675 1336 locum

178 1368 311 1411 habet.
371 1369 471 1411 Tale
520 1369 655 1411 hiatus
695 1369 926 1425 exemplum
967 1383 1090 1410 unum
1131 1368 1172 1410 in
1214 1367 1315 1409 libro
1355 1364 1586 1408 Catulliano
1615 1378 1675 1406 oc-

176 1437 302 1480 currit
320 1438 444 1490 CVII,
469 1442 510 1480 1:
553 1439 601 1489 ‚si
623 1439 839 1493 quicquam
871 1437 1015 1495 cupido
1037 1437 1275 1494 optantique
1297 1435 1442 1490 obtigit
1467 1440 1673 1490 unquam‘‚

176 1506 242 1548 cui
270 1507 525 1549 adnumerari
556 1507 676 1548 etiam
707 1511 842 1562 potest
868 1507 973 1548 illud
996 1511 1089 1562 post
1109 1505 1350 1562 pentametri
1377 1518 1584 1547 caesuram
1604 1504 1675 1545 ubi

175 1588 338 1630 perraro
369 1575 504 1617 hiatus
534 1575 698 1616 licentia
728 1576 853 1617 estin
875 1575 1087 1626 LXVH1b‚
1125 1574 1221 1617 158:
1262 1588 1300 1626 ‚a
1328 1588 1406 1628 quo
1428 1577 1523 1614 sunt
1542 1573 1676 1628 primo

177 1643 313 1685 omnia
353 1651 447 1686 nata
488 1645 603 1686 bono‘
620 1644 668 1699 ¹).
728 1644 853 1686 Aliud
899 1646 984 1686 eius
1025 1643 1135 1686 modi
1172 1643 1402 1699 exemplum
1443 1641 1552 1697 quod
1581 1641 1676 1684 libri

176 1725 272 1754 mss.
305 1711 483 1764 tradunt,
514 1713 632 1768 plane
661 1713 920 1755 intolerabile
942 1726 1029 1754 esse
1049 1713 1131 1754 iam
1152 1712 1247 1754 Itali
1266 1712 1456 1754 viderunt
1477 1711 1548 1766 qui
1572 1716 1675 1752 recte

0 1803 25 1848 3·
176 1781 372 1837 particula
400 1796 447 1823 ne
476 1781 632 1823 adiecta
661 1781 948 1833 LXXXXVH,
988 1783 1012 1824 2
1050 1782 1109 1823 sic
1138 1781 1424 1823 emendarunt:
1474 1785 1674 1832 ,utrumne

177 1864 222 1892 os
252 1864 301 1891 an
333 1849 467 1891 culum
499 1850 712 1892 olfacerem
741 1850 934 1892 Aemilio‘
965 1850 1014 1893 cf.
1041 1850 1201 1892 Lachm.
1229 1849 1280 1891 ad
1309 1850 1426 1892 Lucr.
1448 1864 1486 1905 p.
1511 1850 1565 1891 99
1587 1862 1675 1903 sqq.

0 1935 39 1965 ’ἐμ
292 1920 348 1961 At
377 1932 471 1961 vero
492 1923 585 1974 post
606 1933 723 1960 voces
744 1919 786 1960 in
810 1921 973 1962 brevem
990 1919 1168 1960 vocalem
1190 1922 1382 1960 exeuntes
1403 1918 1517 1959 nulla
1536 1924 1677 1974 poetae

46 2022 48 2024 ψ
106 2040 107 2043 ¹
177 1989 331 2031 ratione
375 1988 567 2031 videntur
612 1976 656 2028 in
701 1987 828 2029 altera
868 1988 977 2029 thesi
1006 1987 1123 2044 pedis
1153 1986 1345 2042 dactylici
1373 1987 1533 2028 hiasse:
1582 2000 1675 2028 nam

176 2058 271 2100 huic
299 2057 392 2099 usui
431 2070 535 2111 quae
577 2057 782 2098 contraria
817 2056 1035 2111 aliquando
1065 2056 1346 2112 reperiuntur,
1389 2061 1553 2112 peccata
1583 2062 1677 2098 sunt

178 2126 448 2168 librariorum.
491 2125 554 2167 Ita
576 2125 682 2166 male
697 2125 852 2166 ‘habent
872 2125 1029 2166 codices
1049 2129 1089 2166 et
1108 2125 1306 2167 editiones
1326 2125 1480 2180 priores
1502 2125 1572 2175 ΙΙΙ,
1605 2127 1675 2166 16:

177 2208 200 2237 o
215 2195 365 2236 factum
380 2193 504 2236 male!
522 2207 544 2235 o
558 2193 717 2236 miselle
731 2207 870 2249 passer
883 2207 953 2250 pro
971 2193 1023 2246 ‚io
1039 2193 1198 2236 miselle
1214 2198 1365 2250 passer‘
1381 2193 1677 2250 (cf.L.Mueller

176 2278 213 2319 p.
245 2262 362 2318 306).
422 2262 633 2303 Praeterea
678 2268 783 2304 certe
826 2277 905 2304 non
951 2263 1112 2318 scripsit
1153 2263 1337 2304 Catullus
1367 2263 1597 2314 XXXVIII,
1631 2264 1674 2304 2:

177 2331 336 2384 ‚malest
364 2344 428 2373 me
457 2329 621 2372 hercule
651 2337 692 2373 et
721 2331 935 2374 laboriose‘
968 2344 1211 2385 quamquam
1243 2331 1345 2373 nihil
1375 2332 1417 2372 in
1447 2331 1677 2387 praesentia

174 2401 304 2443 habeo
349 2413 428 2454 quo
470 2399 605 2441 locum
648 2400 861 2441 emendare
897 2400 1065 2456 possim.
1093 2400 1376 2442 Lachmannus
1414 2400 1578 2454 quidem
1609 2399 1675 2453 (cf.

176 2483 318 2512 comm.
349 2468 464 2511 Lucr.
497 2482 537 2524 p.
572 2468 671 2524 152)
702 2473 795 2524 post
823 2470 983 2511 hercule
1012 2469 1169 2511 censuit
1198 2468 1396 2511 excidisse
1427 2469 1609 2511 dativum
1640 2471 1680 2508 ei

166 2537 416 2581 adversante
445 2537 580 2579 nescio
611 2550 660 2579 an
690 2542 796 2580 recte
819 2538 861 2580 L.
883 2537 1076 2580 Muellero
1110 2538 1158 2580 de
1188 2553 1231 2580 re
1262 2543 1375 2582 metr.
1408 2553 1445 2595 p.
1478 2538 1572 2588 254,
1605 2537 1676 2591 qui

180 2770 334 2814 gendum
359 2779 434 2804 esse
457 2770 502 2800 mi
523 2769 558 2803 id
583 2769 673 2813 quod
697 2768 796 2804 facile
821 2781 902 2805 sane
919 2771 1072 2806 excidere
1088 2771 1198 2815 potuit
1214 2771 1254 2804 cf.
1272 2771 1373 2805 etiam
1390 2769 1459 2804 ind.
1473 2769 1546 2803 lect.
1564 2767 1675 2802 Berol.

0 2577 18 2672 Ξέ

0 2674 43 2783 Ξ
275 2712 308 2754 1)
331 2713 398 2747 nisi
435 2712 520 2746 forte
545 2692 634 2746 recte
664 2713 826 2747 iudicavit
849 2715 892 2748 M.
916 2713 1084 2756 Hauptius
1110 2724 1164 2756 qu.
1183 2714 1256 2747 Cat.
1282 2724 1315 2756 p.
1333 2713 1376 2747 86
1402 2715 1479 2756 post
1498 2712 1603 2754 primo
1628 2711 1675 2745 le—

0 2782 19 2924 ἱ
177 2831 260 2864 aest.
286 2838 316 2863 a.
344 2826 431 2862 1857
456 2838 489 2871 p.
515 2828 535 2861 6
559 2829 593 2861 et
616 2827 653 2862 L.
671 2828 812 2863 Mueller
836 2829 877 2863 de
900 2840 937 2863 re
964 2831 1059 2864 metr.
1085 2840 1118 2873 p.
1143 2828 1221 2864 332.

0 2923 15 2959 ff
