1923 3104
0 1678 25 1806 psthac-svn
0 1616 24 1661 ¹²³5
0 1528 17 1568 ,τ’κ,
0 1452 8 1509 ⁷-
0 1352 13 1402 «ψη
0 1311 16 1318 ῐ
6 1289 13 1295 -
1 1272 5 1275 ¹
3 1222 15 1229 1
10 1185 20 1195 ,.
2 1066 12 1087 ⁸»
0 928 15 1009 η·π

0 1868 36 2364 333'{FF‘X-Ffifflfffflistfflj'CWTFJ'W‘TWLJJJ‘?
0 1809 23 1868 [31⁶3

25 2327 52 2351 'an
26 2298 32 2304 υ
40 2223 52 2239 μ
23 1866 54 2151 ''⁴¹'''{-*⁴·-'T{.‘-'⁴=·¹¹
25 1837 41 1842 Ῑ

331 884 422 956 De
470 882 978 970 Catullianorum
1024 881 1392 956 carminum

534 1061 584 1094 re
619 1049 912 1111 grammatica
947 1050 996 1095 et
1033 1050 1232 1095 metrica.

219 1294 289 1372 Si
335 1329 426 1384 quis
462 1329 675 1371 universae
713 1329 848 1385 poesis
880 1329 1051 1372 Latinae
1091 1328 1186 1370 inde
1215 1342 1240 1369 a
1268 1326 1530 1370 nascentibus
1560 1325 1636 1368 Ro-

82 1420 84 1422 ·
124 1412 338 1440 manorum
369 1398 519 1439 litteris
555 1397 607 1438 ad
646 1402 819 1448 aetatem
851 1411 982 1450 usque
1015 1397 1222 1438 Ciceronis
1259 1396 1475 1438 historiam
1504 1395 1638 1436 animo

128 1466 455 1523 perlustraverit,
486 1480 577 1507 cum
598 1465 717 1506 multi
747 1469 788 1506 et
808 1465 959 1507 eruditi
980 1465 1178 1515 homines,
1212 1465 1320 1506 inter
1341 1478 1444 1518 quos
1463 1464 1638 1520 primum

129 1535 251 1577 facile
282 1535 417 1576 locum
447 1534 604 1575 Ennius
634 1534 803 1586 obtinet,
834 1534 898 1576 vir
916 1534 1136 1590 multiplex
1157 1538 1198 1575 et
1227 1533 1428 1589 copiosus,
1459 1532 1639 1574 maxime

130 1604 238 1645 inter
269 1616 312 1644 se
343 1603 505 1645 diversa
542 1603 675 1657 poesis
719 1616 869 1656 genera
904 1617 996 1644 cum
1033 1602 1186 1644 leviora
1222 1608 1307 1643 tum
1345 1601 1532 1655 graviora
1571 1615 1639 1642 ex-

132 1671 324 1722 colerent,
356 1670 562 1711 neminem
593 1684 732 1711 eorum
762 1671 814 1712 ad
844 1671 1023 1713 carmina
1052 1670 1182 1725 lyrica
1210 1669 1424 1724 pangenda
1444 1684 1516 1725 per
1547 1668 1636 1710 diu-

128 1744 295 1781 turnum
346 1738 454 1780 illud
501 1743 663 1794 tempus
709 1739 927 1782 accessisse
969 1739 1142 1781 fortasse
1188 1738 1416 1779 mirabitur.
1482 1738 1636 1779 Verum

34 1808 72 1866 >ζ·
101 1828 108 1833 ’-
128 1812 267 1849 tamen
296 1807 405 1849 unde
436 1807 512 1849 hoc
541 1807 692 1849 factum
728 1808 783 1849 sit
811 1821 956 1850 causae
991 1812 1032 1849 et
1067 1821 1140 1863 per
1169 1820 1213 1847 se
1243 1811 1339 1848 sunt
1368 1805 1568 1848 dilucidae
1598 1811 1638 1847 et

67 1898 71 1900 *
128 1875 271 1933 paucis
301 1874 472 1917 indicari
501 1881 686 1931 possunt.
745 1876 928 1918 Primum
958 1876 1067 1918 enim
1098 1875 1200 1918 civis
1217 1875 1424 1916 Romanus
1445 1874 1634 1929 quoniam

68 1936 76 1952 ⁵
129 1956 202 2000 pro
231 1944 384 1999 ingenii
413 1948 562 1986 natura
591 1949 631 1985 et
659 1944 798 1993 indole
829 1944 965 1986 studia.
993 1950 1114 1998 atque
1145 1950 1254 1985 artes
1285 1944 1342 1986 ita
1371 1957 1511 1985 omnes
1531 1947 1635 1985 trac-

128 2011 248 2072 tavit,
279 2016 327 2054 ut
354 2011 407 2054 ad
436 2012 565 2055 vitam
594 2026 793 2067 usumque
831 2012 1092 2068 potissimum
1122 2026 1169 2054 ea
1198 2013 1385 2063 referret,
1423 2011 1510 2054 fieri
1540 2025 1636 2053 sane

35 2096 40 2138 j
65 2082 68 2084 ’
126 2088 207 2123 non
236 2081 370 2136 potuit
401 2081 503 2135 quin
531 2094 677 2136 parum
707 2090 799 2122 eum
829 2081 1071 2136 attingerent
1110 2081 1238 2122 animi
1279 2082 1445 2122 affectus
1474 2094 1635 2136 parum-

48 2153 52 2156 ’
78 2180 81 2181 ⁷
127 2161 206 2203 que
235 2148 405 2190 idoneus
436 2149 506 2190 ille
536 2148 703 2204 quidem
730 2155 835 2191 esset
865 2150 937 2204 qui
967 2154 1100 2192 totum
1130 2163 1174 2196 se
1204 2150 1249 2190 in
1279 2149 1561 2204 voluptatibus
1591 2162 1637 2190 ac

69 2226 72 2228 ’
128 2215 340 2259 doloribus
371 2217 521 2271 quibus
552 2210 752 2260 redundat
780 2218 867 2260 vita
896 2218 1073 2259 humana
1100 2217 1350 2259 meditandis
1380 2216 1643 2259 consideran*

127 2284 270 2340 disque
311 2285 469 2342 poetica
507 2286 683 2340 quadam
714 2287 906 2329 facultate
936 2286 1162 2329 collocaret.
1222 2286 1314 2328 Huc
1342 2286 1500 2329 accedit
1528 2285 1635 2341 quod

22 2360 43 2393 ‘5‘
71 2400 73 2402 ,
125 2353 314 2397 studium
345 2354 519 2396 Graecae
549 2355 804 2408 eruditionis,
836 2356 903 2397 cui
931 2355 1108 2397 maxime
1139 2354 1342 2398 debebant
1362 2360 1561 2409 quantum
1591 2355 1634 2395 in

128 2421 276 2464 litteris
307 2423 506 2476 bonisque
536 2423 694 2466 artibus
723 2423 944 2478 profecisse
975 2423 1237 2478 reperiuntur
1267 2423 1439 2465 Romani
1469 2428 1634 2478 propter

124 2486 320 2544 exiguum
361 2490 468 2544 quod
511 2490 597 2532 illis
642 2491 894 2548 temporibus
934 2490 1042 2533 inter
1073 2490 1174 2532 duos
1205 2490 1280 2533 hos
1310 2491 1486 2547 populus
1514 2491 1635 2532 inter-

125 2557 294 2601 cedebat
323 2572 442 2600 usum
485 2564 606 2613 atque
653 2560 959 2611 commercium,
1005 2560 1185 2601 nondum
1217 2566 1301 2602 tam
1332 2560 1497 2615 vulgare
1527 2574 1633 2602 com-

123 2638 328 2681 muneque
357 2626 436 2669 fuit
465 2640 589 2682 quam
618 2632 782 2684 postea3
814 2628 964 2671 etenim
986 2627 1063 2670 etsi
1084 2628 1236 2682 singuli
1259 2628 1426 2683 quidam
1447 2628 1633 2671 homines

7 2689 73 2747 ff?
119 2695 376 2756 'nobilissimi
415 2696 533 2738 velut
563 2697 776 2752 Scipiones
807 2702 849 2740 et
877 2697 1005 2738 Laelii
1045 2697 1253 2739 assiduam
1287 2697 1449 2740 Graecis
1479 2697 1633 2740 litteris

1 2760 62 2823 ξ
82 2779 99 2799 e
112 2770 288 2820 ⁴operam
317 2763 632 2820 impendebant,
675 2769 810 2808 tamen
847 2765 1033 2823 plerique
1069 2766 1294 2809 severiores
1325 2766 1481 2823 patriae
1511 2766 1633 2809 amici

3 2829 9 2844 '²
38 2840 47 2843 ‘⁷
104 2830 316 2888 ,inprimis
347 2833 446 2877 Cato
473 2838 702 2877 metuentes
739 2849 791 2877 nc
817 2835 1032 2892 peregrina
1061 2835 1280 2891 disciplina
1310 2840 1469 2891 recepta.
1496 2850 1631 2878 mores

1400 2908 1420 2942 1

1899 2518 1923 2610 ..Αἰακέ
1911 2495 1923 2511 1
1913 2465 1923 2480 x>
1912 2427 1923 2455 aas

1911 2695 1923 2723 ,ἒ

1882 2782 1883 2785 ,
1911 2742 1923 2796 *21

1910 2807 1923 2861 ,3

1904 2864 1923 2904 a
