1923 3104
965 86 1022 133 50

233 213 333 257 isset
361 212 575 266 LXVIIIb,
608 215 675 257 86.
707 214 952 266 LXXXIIII,
996 217 1060 259 11.
1092 215 1257 258 audiero
1287 214 1353 268 01,
1384 218 1411 260 9
1442 216 1509 272 (cs.
1543 182 1889 280 Schwabiisss

234 297 300 337 qu.
335 284 416 326 Cat.
458 284 475 324 I
514 299 552 339 p.
593 284 696 340 277)
735 289 775 326 et
801 284 875 326 ubi
904 297 955 325 ex
986 284 1151 338 vulgari
1180 298 1293 327 more
1320 285 1385 337 fit,
1416 285 1458 327 in
1490 286 1601 328 nosti
1631 282 1781 327 norat*

234 366 353 395 nosse
385 366 623 408 cognossem
662 358 737 396 cet.
778 366 880 407 quae
919 367 1038 408 saepe
1083 353 1191 409 apud
1222 353 1428 395 Catullum
1466 354 1658 409 leguntur
1695 353 1744 396 cf.
1817 380 1914 411 ,

235 422 459 463 Corssenus
500 422 518 462 Ι
548 436 588 477 p.
621 421 715 465 319.
747 421 788 464 L.
822 421 1042 463 Muellerus
1072 421 1121 462 de
1152 436 1196 463 re
1225 426 1340 463 metr.
1372 436 1411 477 p.
1444 423 1540 465 399.

1809 477 1812 481 ,
1837 447 1891 476 'mx
1890 441 1913 481 55555

348 490 512 532 Attinet
541 490 606 531 hic
638 490 764 531 etiam
794 491 933 531 afferre
964 489 1007 530 in
1037 490 1184 531 mediis
1216 489 1427 533 vocabulis
1458 489 1598 532 littera
1617 493 1638 531 i
1654 487 1748 532 ante
1852 512 1921 552 3-

234 571 451 617 consonam
490 559 617 600 eiecta
654 559 939 600 semivocalem
983 574 1006 598 v
1043 572 1162 614 saepe
1193 558 1364 600 dissolvi
1395 563 1434 600 et
1463 572 1553 600 cum
1586 571 1745 614 praece-
1808 550 1921 616 *⁹3¹*ss

234 626 357 668 dente
389 627 520 669 vocali
550 628 592 668 in
626 626 924 683 diphthongum
956 627 1083 678 coire,
1126 640 1228 681 quae
1258 641 1337 669 non
1368 640 1576 682 nunquam
1604 626 1671 668 vel
1702 627 1744 669 in

234 695 462 751 simplicem
494 695 675 738 vocalem
722 700 902 738 mutatur
946 699 1137 738 monente
1168 695 1365 738 Corsseno
1403 696 1422 738 I
1468 706 1506 752 P'.
1538 695 1632 738 314.
1689 695 1748 745 Ea
1820 667 1901 715 '5³21

234 765 386 806 ratione
416 779 466 806 ex
504 769 638 806 navita
669 769 804 806 ortum
836 770 898 806 est
928 770 1054 807 nauta
1085 764 1195 818 quod
1225 769 1448 819 utrumque
1477 767 1646 809 verbum
1674 764 1745 806 ad—

235 834 378 875 hibent
409 847 479 889 pro
511 847 654 875 versus
685 834 913 876 rationibus
944 838 1087 888 poetae
1119 833 1234 875 velut
1264 833 1452 875 Catullus
1482 834 1585 876 dixit
1612 833 1748 876 nautis

234 902 450 953 LXV111¹2‚
491 904 545 945 63
576 908 617 944 et
646 903 788 944 navita
818 902 970 953 LXIV,
1016 903 1109 945 174.
1170 901 1235 942 Ad
1278 902 1378 943 haec
1407 902 1534 956 igitur
1564 902 1750 959 exempla

235 984 315 1012 non
375 970 549 1013 dubium
604 971 766 1013 videtur
821 971 916 1025 quin
977 970 1136 1013 duabus
1185 969 1355 1024 syllabis
1403 970 1512 1013 idem
1560 970 1750 1013 extulerit

236 1040 440 1080 Ravidum
472 1039 647 1091 XXXX,
690 1041 732 1080 1:
776 1053 988 1094 ,quaenam
1019 1044 1057 1080 te
1088 1038 1194 1080 mala
1222 1053 1358 1091 mens,
1389 1039 1547 1081 miselle
1578 1039 1746 1082 Ravide‘

234 1108 343 1162 quod
379 1108 546 1163 quidem
585 1109 732 1151 Raude
770 1109 955 1151 sonuisse
997 1122 1078 1150 non
1114 1107 1325 1164 superiore
1368 1113 1522 1150 tantum
1563 1108 1748 1165 exemplo

235 1178 297 1218 cui
329 1177 632 1219 adnumeranda
664 1183 761 1219 sunt
792 1179 1012 1231 naufragus
1035 1178 1120 1219 Cat.
1153 1177 1362 1228 LXVIII¹³,
1394 1179 1420 1220 3
1451 1182 1492 1219 et
1511 1177 1749 1220 nauculator

236 1245 409 1288 Martial.
442 1246 515 1296 III,
548 1247 616 1297 20,
649 1247 717 1295 20,
750 1259 891 1287 verum
923 1246 1046 1287 etiam
1068 1245 1270 1287 luculento
1293 1245 1521 1287 testimonio
1544 1246 1750 1288 Ciceronis

236 1313 285 1354 de
336 1313 462 1355 divin.
516 1314 575 1364 II,
626 1315 682 1356 40
731 1314 916 1355 firmatur
952 1313 1149 1356 tradentis
1184 1313 1350 1367 quidem
1386 1320 1573 1369 separata
1602 1313 1748 1356 litteris

235 1382 360 1424 verba
402 1382 472 1423 illa
515 1397 605 1423 cave
646 1397 692 1423 ne
735 1397 802 1424 eas
845 1382 987 1424 eodem
1032 1396 1111 1436 quo
1141 1396 1315 1424 cauneas
1342 1381 1461 1424 modo
1493 1382 1749 1438 pronuntiari
1793 1438 1796 1442 ι

237 1452 306 1506 (cf.
355 1451 480 1493 etiam
534 1451 576 1492 L,
629 1451 850 1493 Muellerus
896 1466 935 1507 p.
980 1452 1059 1493 271
1104 1456 1144 1493 et
1173 1451 1396 1493 Corssenus
1432 1450 1458 1493 l.
1490 1453 1549 1508 n.)
1609 1451 1748 1493 Altero

237 1520 387 1562 deinde
419 1534 563 1574 genere
595 1533 673 1574 quo
705 1520 747 1561 in
779 1520 961 1576 vocalem
1003 1520 1217 1563 debilitata
1253 1519 1532 1576 diphthongus
1569 1523 1749 1575 apparet,

237 1590 494 1632 continentur
525 1590 679 1631 formae
711 1589 855 1643 quales
885 1594 981 1631 sunt
1002 1591 1190 1643 prudens
1220 1603 1268 1631 ex
1291 1591 1514 1642 providus,
1556 1590 1670 1630 ιῙίῑιπο
1701 1602 1750 1630 ex

238 1659 384 1699 Jovz'no
427 1663 500 1701 etc.
542 1658 744 1714 profectae
785 1662 824 1699 et
861 1658 903 1699 in
940 1657 1079 1712 lingua
1108 1657 1264 1700 florenti
1294 1657 1512 1713 legitimam
1545 1657 1631 1699 vim
1662 1670 1751 1698 con-

238 1732 413 1768 secutae.

352 1795 444 1837 Non
494 1796 630 1837 minus
680 1795 761 1836 late
812 1799 922 1850 patet
961 1794 1134 1836 alterum
1166 1794 1450 1836 contractionis
1481 1807 1609 1848 genus
1640 1793 1751 1848 quod

241 1866 283 1904 in
335 1863 483 1905 mediis
533 1864 702 1906 vocibus
739 1863 872 1904 locum
903 1863 1026 1904 habet
1057 1862 1209 1903 extrita
1236 1864 1261 1902 h
1290 1862 1445 1913 littera,
1496 1862 1606 1904 unde
1636 1863 1683 1903 fit
1707 1867 1753 1922 ut

240 1932 401 1974 vocales
447 1932 604 1975 vicinae
650 1932 737 1974 sive
788 1945 904 1987 pares
947 1935 1044 1973 sunt
1074 1931 1160 1972 sive
1191 1930 1387 1986 impares,
1439 1930 1482 1972 in
1511 1944 1633 1972 unam
1663 1943 1753 1972 con-

238 2001 502 2054 glutinentur.
555 2001 604 2041 Et
634 2005 752 2055 poeta
782 2000 945 2053 quidem
969 1999 1214 2041 Veronensis
1238 2013 1355 2054 pares
1385 2003 1542 2041 tantum
1573 1999 1633 2040 ita
1662 2000 1752 2040 con-

240 2084 401 2112 currere
452 2069 549 2110 fecit
585 2068 744 2110 vocales
794 2068 837 2109 in
888 2068 952 2109 his
982 2067 1099 2110 verbi
1121 2069 1318 2121 prendere
1346 2067 1504 2110 formis:
1556 2066 1754 2123 deprensa

240 2138 368 2188 XXV,
402 2140 465 2182 13.
489 2137 632 2194 prendi
654 2136 736 2187 LV,
768 2138 804 2180 7.
828 2136 1023 2193 deprendi
1046 2136 1148 2188 LVI,
1179 2137 1217 2179 5.
1241 2135 1500 2193 comprendis
1528 2135 1653 2187 LXII,
1683 2136 1752 2180 35.

241 2208 510 2263 indeprensus
548 2207 591 2248 in
624 2220 745 2248 versu
777 2206 953 2260 quodam
984 2220 1104 2260 quem
1136 2205 1305 2248 Servius
1335 2206 1386 2247 ad
1417 2206 1536 2259 Verg.
1568 2206 1668 2248 Aen.
1700 2204 1749 2255 V,
1794 2221 1797 2226 ’
1865 2206 1923 2250 ἰ’-ἶ

240 2278 318 2318 591
373 2291 394 2318 e
433 2276 595 2318 Catullo
640 2275 755 2317 affert
794 2275 852 2316 sic
893 2280 1150 2330 conceptum:
1202 2274 1375 2325 ‚falleret
1407 2267 1676 2330 indeprensus
1711 2279 1753 2316 et

240 2346 514 2388 irremeabilis
545 2349 683 2386 error‘.
745 2344 931 2385 Similem
962 2343 1166 2386 scribendi
1196 2344 1392 2386 rationem
1424 2348 1587 2385 secutus
1616 2347 1680 2385 est
1709 2343 1752 2384 in

240 2429 337 2457 voce
375 2429 527 2457 vemens
574 2413 623 2463 L,
674 2414 751 2463 21,
804 2412 880 2454 etsi
929 2413 1026 2454 boni
1077 2412 1235 2454 codices
1265 2427 1405 2455 omnes
1446 2411 1623 2454 diductis
1662 2425 1752 2454 eam
1869 2414 1919 2432 '

242 2484 415 2538 syllabis
462 2483 672 2525 exhibent:
726 2482 1011 2523 Lachmannus
1062 2482 1169 2522 enim
1219 2481 1271 2522 ad
1313 2481 1429 2523 Lucr.
1465 2495 1501 2537 p.
1536 2482 1615 2524 133
1653 2479 1753 2522 illud

240 2553 485 2594 vocabulum
519 2551 633 2593 docet
660 2564 740 2592 non
772 2550 850 2592 nisi
881 2554 1103 2605 correptum
1136 2551 1178 2591 in
1200 2549 1387 2592 versibus
1407 2549 1573 2606 reperiri
1594 2554 1754 2605 praeter
1788 2575 1790 2577 ·
1843 2548 1920 2607 »ἐξ

241 2620 627 2675 hendecasyllabum
677 2620 732 2662 M.
771 2619 938 2661 Aurelii
966 2618 1174 2660 Caesaris:
1225 2632 1313 2669 ,nos
1363 2618 1455 2660 istic
1494 2618 1755 2661 vehementer

240 2695 502 2741 aestuamus‘,
535 2690 601 2731 cui
632 2690 676 2731 L.
707 2689 928 2731 Muellerus
961 2688 1010 2730 de
1041 2703 1082 2730 re
1113 2694 1228 2731 metr.
1262 2703 1300 2744 p.
1334 2689 1417 2731 253
1448 2701 1572 2729 unum
1604 2686 1754 2729 adiecit

241 2759 458 2801 Prudentii
489 2758 706 2814 peristeph.
739 2760 777 2808 6,
801 2759 875 2801 2οε
909 2763 1156 2813 ,praeceptor
1186 2757 1405 2800 vehemens
1435 2755 1566 2798 eundo
1597 2757 1753 2798 firmat‘.

246 2828 385 2882 ltaque
434 2828 583 2869 mirum
634 2842 732 2869 sane
782 2832 844 2869 est
888 2827 994 2881 quod
1033 2826 1093 2868 vir
1128 2826 1202 2868 ille
1232 2826 1373 2867 doctus
1404 2825 1491 2868 loco
1523 2824 1771 2885 Catulliano·
1810 2801 1909 2881 [¹535ss
