1923 3104
934 59 988 100 26

205 184 298 241 Son.
320 183 393 238 Ep.
416 183 484 232 86,
511 183 574 225 15.
635 182 825 224 Ceterum
855 183 965 237 quod
1006 183 1117 226 solus
1153 183 1231 224 nisi
1266 182 1388 223 fallor
1425 182 1528 224 inter
1567 187 1731 241 poetas<

205 250 398 294 classicos
428 250 554 292 talem
598 250 710 293 vocis
752 251 966 294 flexionem
1007 250 1189 303 admisit,
1237 254 1392 293 certum
1432 251 1536 295 mihi
1565 249 1708 295 videor

204 319 328 360 huius
358 318 417 360 rei
455 323 737 372 argumentum
778 320 918 361 afferre
954 333 1094 376 posse,
1137 319 1319 361 studium
1365 319 1519 362 scilicet
1560 317 1708 363 Catulli
1819 374 1829 380 .
1850 342 1881 371 '.

205 401 345 442 parem
380 387 423 428 in
464 387 580 429 exitu
620 388 913 430 vocabularum
950 402 1094 430 sonum
1130 387 1345 430 efficiendi.
1413 388 1574 430 Etenim
1611 401 1705 430 cum

205 455 307 497 alibi
336 459 423 497 tum
454 455 497 496 in
528 455 707 497 carmine
743 456 950 512 proposito
990 461 1075 498 tam
1110 456 1241 498 multa
1276 459 1492 498 occurrunt
1519 456 1708 498 homoeo-
1841 452 1853 465 “

206 523 452 565 teleutorum
483 524 684 580 exempla,
716 529 763 566 ut
792 538 870 566 non
895 530 978 566 tam
999 524 1206 566 occasione
1226 524 1404 579 quadam
1425 523 1564 567 oblata
1584 529 1709 578 quam

206 591 388 634 consulto
429 605 454 632 a
498 596 617 648 poeta
646 591 863 635 videantur
899 593 1086 647 quaesita
1123 605 1224 635 esse.
1283 593 1405 634 Porro
1450 606 1500 634 ex
1536 591 1709 633 aliorum

206 674 372 702 numero
394 660 493 702 haec
513 661 641 704 habeo
665 675 769 715 quae
786 675 1005 717 apponam:
1037 662 1261 717 fratresque
1284 661 1496 704 unanimos
1512 660 1643 710 VIIII,
1665 660 1706 702 4.

205 729 412 772 unanimis
449 729 657 772 sodalibus
687 730 819 782 XXX,
856 733 888 773 1.
938 730 1143 772 unanimis
1185 729 1425 784 coniugibus
1462 729 1607 780 LXVI,
1639 730 1705 773 80.

206 797 421 840 flexanimo
452 812 589 841 amore
609 799 772 849 LXIIII,
795 800 889 842 330.
929 799 1066 853 Atque
1093 803 1344 854 postremum
1373 812 1520 840 nomen
1550 811 1710 854 semper

207 866 380 909 alterius
409 867 693 910 declinationis
714 867 857 909 fecisse
878 867 1071 909 videntur
1092 867 1310 923 scriptores
1331 866 1466 908 Latini
1488 866 1536 910 cf.
1558 866 1708 908 Pacuv.

207 935 317 990 apud
346 935 513 978 Varron.
550 936 594 979 L.
623 936 667 978 L.
690 936 784 986 VII,
816 936 856 988 5,
887 937 954 978 87.
1015 936 1095 977 Cic.
1134 935 1261 977 divin.
1300 935 1333 986 Ι,
1365 934 1432 985 36,
1465 935 1533 977 80.
1564 948 1623 977 or.
1653 934 1709 985 ΙΙ,

205 1004 275 1053 44,
310 1005 402 1046 187.
462 1005 617 1046 Nonius
647 1020 686 1061 p.
715 1005 806 1048 113.
866 1005 926 1045 De
955 1019 998 1045 re
1027 1005 1118 1060 ipsa
1147 1005 1278 1046 fusius
1309 1004 1391 1058 egit
1420 1003 1643 1045 Corssenus
1671 1003 1704 1053 I,

207 1086 249 1128 p.
275 1074 356 1116 756
378 1086 438 1128 sq.
471 1074 522 1127 ΙΙ,
552 1089 591 1131 p.
612 1074 695 1117 326
718 1088 776 1129 sq.
808 1074 893 1117 425
915 1087 974 1128 sq.

322 1141 514 1183 Proxima
542 1143 726 1196 quaestio
756 1143 1011 1184 instituenda
1040 1147 1103 1183 est

327 1211 389 1253 10.
421 1210 482 1252 De
511 1210 671 1265 generis
701 1210 904 1253 varietate.
947 1210 993 1252 Si
1023 1210 1171 1264 gradus
1201 1216 1242 1252 et
1261 1210 1379 1264 quasi
1399 1223 1611 1267 processus
1632 1208 1709 1251 lin-

207 1291 308 1331 guae
338 1278 553 1320 cuiusdam
583 1293 822 1334 cognoscere
852 1279 1076 1330 studemus,
1108 1279 1184 1320 hoc
1204 1280 1357 1320 factum
1377 1292 1466 1320 esse
1486 1278 1710 1334 reperimus

209 1351 254 1387 ut
291 1349 342 1389 ab
389 1348 507 1390 initio
547 1349 710 1403 quidem
750 1348 946 1391 vocabula
983 1348 1115 1390 varias
1158 1347 1473 1401 significationes
1516 1347 1714 1389 haberent

208 1415 365 1470 generis
397 1416 631 1459 diversitate
661 1417 843 1460 nondum
865 1417 1058 1459 distincta
1077 1417 1125 1459 cf.
1150 1416 1196 1459 G.
1220 1415 1388 1458 Curtius
1417 1415 1461 1457 in
1481 1420 1558 1457 aet.
1575 1414 1712 1457 societ.

210 1483 358 1527 saxon.
382 1486 431 1537 V,
463 1501 503 1542 p.
525 1487 620 1531 218.
683 1487 799 1538 Quod
828 1490 1030 1529 mutatum
1062 1490 1124 1529 est
1153 1485 1346 1542 temporis
1378 1485 1576 1527 decursu:
1618 1497 1714 1526 nam

209 1555 252 1596 in
283 1555 422 1609 lingua
451 1556 595 1597 Latina
630 1556 680 1597 ad
718 1570 841 1610 quam
879 1556 962 1597 iam
992 1560 1147 1611 spectat
1176 1554 1319 1604 oratio,
1349 1553 1568 1595 masculini
1598 1552 1714 1594 femi-

209 1623 380 1679 ninique
410 1624 568 1679 generis
607 1624 787 1681 primum
823 1624 987 1680 quidem
1027 1623 1253 1667 communis
1283 1622 1517 1665 terminatio
1548 1637 1580 1674 ε,
1617 1635 1713 1664 neu-

210 1694 313 1735 trius
357 1694 550 1736 suffixum
593 1710 629 1735 m
675 1695 742 1736 vel
784 1697 811 1735 d
848 1694 1024 1745 exstitit,
1064 1698 1205 1749 postea
1232 1697 1369 1734 autem
1400 1706 1494 1733 cum
1526 1691 1665 1733 littera
1694 1705 1715 1730 ε

210 1762 342 1805 finalis
372 1763 422 1805 ad
452 1769 672 1818 utrumque
693 1777 818 1819 genus
842 1761 1136 1817 designandum
1155 1775 1237 1803 non
1258 1761 1341 1802 iam
1363 1761 1577 1810 sufficeret,
1607 1772 1714 1800 mas-

211 1833 348 1875 culino
379 1834 572 1875 suffixum
602 1847 669 1883 ue,
712 1832 907 1873 feminino
950 1831 1180 1872 terminatio
1219 1845 1243 1870 a
1277 1830 1404 1872 semel
1447 1829 1604 1871 tributa
1643 1834 1716 1870 est.

210 1901 353 1955 Itaque
382 1900 542 1956 generis
573 1898 811 1942 vicissitudo
841 1899 1022 1941 florentis
1043 1899 1207 1952 linguae
1228 1902 1357 1940 aetate
1377 1911 1472 1938 cum
1493 1895 1716 1938 mutatione
1786 1950 1789 1954 s
1852 1904 1860 1922 ⁷

210 1969 544 2012 terminationum
561 1970 594 2024 ¹)
625 1975 709 2011 arte
739 1969 937 2019 cohaeret,
968 1981 1216 2021 quamquam
1244 1967 1318 2007 illa
1347 1979 1487 2007 norma
1517 1978 1598 2006 non
1629 1969 1718 2005 tan-
1822 1963 1825 1972 ’

212 2043 298 2079 tum
331 2038 464 2080 valuit
500 2044 547 2081 ut
583 2052 795 2093 nunquam
830 2036 1138 2093 exceptionibus
1180 2035 1223 2076 in
1264 2048 1344 2076 una
1382 2046 1540 2088 quaque
1578 2032 1718 2086 lingua

213 2107 345 2148 obviis
366 2107 478 2149 locus
499 2107 798 2150 concederetur.
840 2107 890 2147 Et
910 2106 1082 2161 quadrat
1097 2104 1172 2146 hoc
1185 2103 1349 2158 quidem
1368 2101 1583 2159 praeoique
1603 2101 1645 2143 in
1670 2114 1717 2142 ea

213 2176 379 2217 nomina
408 2190 580 2231 quorum
613 2177 760 2232 stirpes
790 2176 926 2218 littera
955 2179 974 2216 ί
990 2175 1197 2216 finiuntur.
1238 2173 1298 2214 Ex
1318 2172 1384 2213 his
1405 2170 1591 2213 Catullus
1613 2170 1714 2212 duas

214 2258 332 2287 voces
362 2259 464 2300 quae
493 2245 734 2302 plerumque
765 2244 1036 2287 masculinum
1066 2256 1192 2298 genus
1223 2245 1463 2296 sequuntur,
1500 2253 1572 2294 pro
1602 2238 1715 2280 femi-

212 2314 321 2356 ninis
350 2314 579 2370 usurpavit,
611 2314 696 2356 scil.
727 2314 820 2355 finis
851 2313 1018 2363 LXIIII,
1049 2313 1151 2353 217:
1187 2311 1230 2351 in
1261 2314 1443 2351 extrema
1471 2310 1570 2359 fine,
1609 2307 1716 2362 quod

212 2396 371 2438 semper
407 2383 484 2425 hoc
522 2382 642 2425 modo
682 2382 789 2424 dixit
822 2381 1036 2424 Lucretius
1074 2381 1142 2435 (cf.
1174 2379 1337 2430 Kuehn,
1367 2377 1394 2420 l.
1429 2391 1459 2420 c.
1488 2391 1528 2432 p.
1565 2376 1637 2431 13)
1675 2380 1718 2418 et

212 2451 315 2492 cinis
344 2451 520 2494 LXVIII
533 2454 567 2504 b,
604 2453 659 2494 90
695 2451 840 2493 acerba
877 2449 990 2491 cinis.
1067 2448 1135 2499 CI,
1176 2449 1204 2490 4
1239 2450 1409 2488 ’mutam
1450 2445 1625 2487 cinerem
1667 2445 1715 2488 cf.

214 2520 371 2561 Lucret.
393 2519 488 2571 1111,
510 2521 607 2563 926.
668 2519 747 2562 Sed
779 2519 820 2560 in
854 2517 1002 2574 plurali
1032 2529 1197 2558 numero
1228 2515 1370 2557 eadem
1399 2513 1596 2556 voeabula
1623 2527 1717 2555 cum

213 2589 358 2631 ceteris
388 2589 518 2644 poetis
550 2593 779 2631 constanter
807 2601 953 2642 genere
990 2584 1213 2628 masculino
1249 2583 1384 2626 affecit
1417 2585 1532 2625 velut
1568 2586 1718 2624 testan-

308 2762 341 2806 1)
371 2764 422 2798 Ne
452 2764 514 2798 has
545 2763 682 2806 quidem
720 2761 910 2805 antiquitus
941 2761 1033 2793 certa
1063 2759 1137 2802 lege
1162 2758 1227 2792 iam
1259 2757 1463 2791 constitutas
1494 2765 1572 2789 esse
1597 2764 1729 2807 magna
1766 2786 1771 2791 ,

214 2821 446 2864 exemplomm
470 2820 567 2864 copia
590 2819 749 2863 patefecit
773 2819 867 2852 Neue
892 2818 935 2859 11,
959 2827 992 2860 p.
1010 2815 1041 2851 5.
1071 2817 1101 2850 7.
1129 2814 1183 2849 74.
